2872 4710
466 1059 848 1145 PRAEFATIO.

582 1257 742 1266 ...ι-

126 1373 171 1479 Si
201 1416 272 1497 quid
301 1417 389 1479 habet
418 1416 506 1498 pretii
535 1435 599 1479 mea
622 1417 811 1498 Pythicorum
836 1414 1018 1495 dialogorum
1041 1414 1191 1478 Plutarchi

127 1521 275 1595 recensio,
312 1522 368 1583 hoc
403 1520 571 1583 liberalitati
608 1520 662 1582 viri
695 1519 858 1583 doctissimi
891 1519 1081 1580 llanimiliani
1114 1519 1191 1581 Treu

126 1633 279 1705 acceptum
307 1625 411 1686 refero.
457 1623 598 1686 Codicum
621 1623 724 1685 notitia
748 1643 795 1685 me
818 1622 970 1696 instruxit3
1005 1623 1127 1684 schedas
1159 1622 1192 1682 in

125 1729 235 1808 quibus
257 1729 426 1791 collationes
449 1729 582 1790 codicum
607 1727 815 1789 Parisiensium
840 1746 856 1787 a
879 1725 976 1786 Konto
998 1728 1089 1786 factas
1109 1724 1193 1786 Pari-

126 1831 236 1911 siisqne
270 1832 301 1893 in
328 1831 505 1894 Bibliotheca
533 1831 679 1894 Nationali
713 1831 830 1911 (Suppl.
851 1831 899 1891 Gr.
921 1828 997 1907 397)
1031 1837 1193 1890 asservatas

127 1934 288 2016 descriptas
320 1934 408 1996 habet
441 1934 646 1996 describendas
680 1934 753 1995 mihi
787 1933 884 2005 misit3
917 1932 954 1993 de
980 1933 1093 1994 lacunis
1120 1953 1193 2013 quas

126 2037 214 2099 habet
246 2039 337 2099 codex
363 2037 387 2097 E
419 2039 451 2099 in
485 2036 597 2116 dialogo
626 2036 680 2098 ‘lle
707 2037 827 2099 Deleetu
858 2037 1065 2098 Oraeulorum’
1099 2037 1194 2117 deque

125 2140 235 2202 Nicolai
259 2141 378 2203 Leonici
401 2141 433 2202 in
456 2141 570 2221 dialogo
594 2142 649 2203 ‘lle
671 2141 792 2222 Pythiae
808 2141 954 2203 Oraculis'
977 2141 1193 2202 emendationi-

125 2243 180 2305 bus
214 2243 370 2306 certiorem
404 2265 452 2307 me
485 2245 563 2306 lecit.
618 2245 686 2306 Viro
720 2253 816 2319 tanto,
856 2245 908 2325 qui
941 2263 1060 2306 causam
1096 2263 1191 2306 meam

125 2347 232 2409 Treuio
266 2348 496 2423 commendavit,
529 2348 664 2410 Udalrico
698 2349 734 2410 de
761 2348 954 2410 Wilamowitz
983 2348 1191 2422 Moellendorii‚

127 2451 233 2530 gratias
267 2470 340 2530 quas
374 2451 411 2513 ob
444 2470 580 2530 magnam
615 2451 679 2531 ejus
709 2451 740 2513 in
763 2470 811 2512 me
834 2452 1066 2513 benevolentiam
1089 2451 1191 2524 habeo,

126 2572 222 2634 neque
245 2555 317 2616 satis
339 2555 424 2635 digne
447 2574 541 2636 agere,
565 2569 659 2634 neque
682 2555 804 2616 omnino
826 2574 887 2616 non
909 2574 994 2633 agere
1016 2574 1149 2635 possum.

212 2659 333 2721 Codices
347 2659 436 2722 Italos
452 2658 615 2739 (Romanos
630 2658 757 2720 Venetos
772 2659 1015 2737 Mediolanenses)
1038 2659 1069 2719 in
1092 2677 1192 2720 meum

125 2781 215 2824 usum
242 2763 366 2825 contulit
388 2763 600 2844 descripsitque
622 2763 747 2824 loannes
770 2763 901 2824 Graeven
929 2770 1009 2823 tanta
1031 2781 1100 2824 cum
1123 2780 1193 2824 cura

126 2866 379 2947 sollicitudineque
402 2875 436 2929 ut
456 2885 506 2928 eos
527 2874 676 2945 tamquam
693 2867 749 2927 sub
765 2865 857 2927 oculis
873 2866 980 2927 habere
996 2865 1069 2926 mihi
1084 2865 1190 2926 videar.

125 2970 292 3032 lleladones
325 2970 389 3051 ejus
417 2972 589 3032 Germanice
618 2988 685 3030 meo
714 2978 818 3050 rogatu
844 2970 968 3050 scriptas
996 2989 1031 3030 eo
1058 2979 1192 3049 tempore

127 3093 187 3153 quo
210 3075 282 3135 haec
297 3074 416 3155 Anglice
439 3075 583 3136 disserere
605 3073 636 3134 in
659 3072 757 3134 animo
780 3073 878 3148 habui,
901 3072 983 3134 nolui
999 3072 1101 3135 Latine
1123 3073 1193 3133 red-

126 3178 204 3238 dere.
250 3177 370 3240 Codices
397 3179 471 3240 duos
494 3177 676 3239 Parisienses
699 3177 734 3257 (F
757 3186 787 3238 et
809 3176 845 3257 B)
872 3176 1091 3238 accuratissime
1118 3195 1192 3237 con-

125 3281 194 3343 tulit
216 3281 366 3344 llubertus
388 3281 507 3345 Pernot.
553 3282 584 3344 Si
613 3280 704 3342 solius
731 3281 820 3343 llonti
854 3281 1008 3342 collatione
1041 3280 1085 3342 uti
1120 3280 1193 3341 mihi

125 3385 267 3460 licuisset,
291 3386 327 3447 de
349 3396 428 3449 statu
451 3386 558 3449 codicis
581 3385 603 3447 F
625 3384 753 3466 pessime
772 3384 961 3465 judicassem.

211 3489 332 3551 Codices
354 3490 475 3551 adhibui
496 3491 602 3552 hosce:

210 3618 237 3672 E
257 3639 300 3666 =
318 3612 384 3674 Par.
408 3613 458 3675 Gr.
484 3612 579 3686 1672,
615 3611 869 3683 membranaceus,
903 3627 977 3670 saec.
999 3608 1191 3670 lllll-XlV,

126 3714 264 3778 Continet
285 3716 435 3779 Plutarchi
455 3715 536 3778 Vitas
559 3724 589 3777 et
610 3715 736 3776 Moralia.
783 3714 863 3776 Ordo
886 3712 1039 3774 Moralium
1062 3713 1110 3773 hic
1132 3721 1190 3774 est:

144 3836 166 3887 1.
184 3838 216 3888 de
234 3838 335 3890 virtute
354 3846 380 3890 et
398 3839 466 3890 vitio
703 3838 727 3888 5.
747 3837 778 3886 de
796 3834 955 3886 inimieorum
974 3834 1090 3884 utilitate

143 3924 168 3974 2.
187 3924 217 3975 dc
236 3925 386 3977 educatione
404 3940 540 3991 puerorum
703 3924 725 3973 6.
746 3923 777 3973 de
796 3921 928 3972 audiendis
947 3921 1032 3986 poetis

142 4009 167 4060 3.
186 4011 217 4060 de
235 4010 393 4076 profectibus
411 4011 437 4061 in
455 4011 553 4060 virtute
703 4010 726 4059 t.
747 4010 777 4059 de
796 4008 929 4059 adulatore
949 4015 974 4056 et
993 4007 1073 4058 amieo

140 4097 165 4147 4.
185 4096 215 4148 de
233 4112 291 4147 sera
309 4098 419 4148 numinis
438 4097 553 4149 vindicta
704 4096 727 4147 8.
746 4097 776 4147 de
795 4110 822 4145 se
841 4095 896 4161 ipso
915 4094 981 4145 eitra
999 4095 1052 4145 inv.
1065 4094 1190 4145 laudando

992 4180 1029 4232 a*
