2842 4724
165 305 236 359 pm
571 281 823 340 corrosorum
1192 280 1234 349 95

165 461 461 551 μετακοσμούμενα
482 464 554 539 ταῖς
576 459 709 538 ούσίαις
732 466 853 527 ἕκαστα
876 461 1014 537 καὶτὰς
1035 459 1142 546 χῶρος
1163 457 1234 545 άμα

166 566 468 654 συμμεταβάλλειν·
503 565 539 631 αἱ
569 569 631 651 μὲν
656 568 718 650 γὰρ
747 567 932 650 διακρίσεις
960 562 1029 631 άπδ
1051 566 1110 630 τού
1131 568 1235 650 μέσου

165 674 225 759 τὴν
261 669 343 757 ύλην
379 673 559 756 αἰρομένην
600 669 668 737 ἄνω
706 666 813 755 κύκλῳ
854 671 1086 754 διανέμουσιν·
1124 667 1160 733 αἳ
1196 671 1235 735 δὲ

165 782 355 863 συγκρίσεις
377 777 434 840 καὶ
461 774 647 852 πυκνώσεις
673 774 828 850 πιέζουσι
850 771 939 840 κάτω
967 774 1051 858 πρδς
1072 770 1110 841 τδ
1132 778 1276 859 μέσονυ

136 883 222 947 ικαὶ
245 879 499 947 συνελαύνουσι.’
1024 960 1025 963 ¹

251 986 301 1048 27.
336 985 430 1068 Ἧερὶ
453 979 499 1050 ῶν
521 982 579 1049 οὐκ
602 981 784 1064 ἀναγκαῖον
799 985 948 1049 ἐνταῦθα
971 982 1106 1047 πλείοσι
1121 980 1233 1063 λύγοις

163 1091 326 1174 χρῆσθαι.
371 1086 495 1174 ἢνγδρ
518 1087 560 1154 ἄν
585 1113 636 1164 τις
663 1087 838 1172 ὑπόθηται
865 1089 932 1151 τῶν
958 1089 1083 1152 παθῶν
1108 1085 1233 1153 τούτων

165 1195 222 1259 καὶ
245 1191 439 1277 μεταβολῶν
453 1195 566 1257 αἰτίαν
588 1195 675 1258 εἶναι
690 1190 903 1278 δημιουργόν,
927 1187 1008 1276 αὕτη
1026 1191 1153 1265 συνέξει
1167 1193 1233 1258 τῶν

164 1296 299 1379 κόσμιον
322 1300 460 1360 ἕκαστον
481 1294 518 1360 ἐν
546 1293 659 1383 ἑαυτῷ.
705 1296 762 1359 καὶ
794 1295 856 1379 γάρ
889 1296 1032 1379 γῆνκαὶ
1058 1289 1234 1362 θάλατταν

126 1425 150 1464 1o
165 1405 302 1475 ἕκαστος
325 1399 393 1481 ἔχει
415 1398 554 1483 κόσμος·
582 1399 649 1481 ἔχει
672 1399 734 1483 γάρ
762 1399 819 1464 καὶ
841 1403 943 1483 μέσον
972 1403 1108 1474 ἕκαστος
1130 1399 1231 1479 ἴδιον,
1250 1409 1303 1464 425

163 1504 220 1568 καὶ
237 1502 337 1587 πάθη
354 1501 516 1587 σωμάτιον
538 1505 594 1567 καὶ
610 1502 797 1588 μεταβολάς
811 1504 867 1566 καὶ
883 1499 988 1588 φύσιν
1007 1503 1063 1567 καὶ
1079 1500 1232 1588 δύναμιν,

166 1605 226 1693 (ἢ)
252 1605 301 1692 σφ’
306 1606 352 1682 ζει
386 1609 442 1672 καὶ
470 1607 629 1692 φυλάττει
656 1605 740 1671 κατά
765 1604 876 1690 χῶραν
903 1611 1049 1671 ἕκαστον.
1092 1606 1233 1692 τοῦμὲν

166 1713 229 1797 γὰρ
245 1711 346 1787 ε’κτός,
362 1712 423 1776 εἴτ’
440 1708 538 1776 οὐδέν
552 1710 643 1776 ἐστιν
658 1713 725 1775 εἴτε
739 1710 835 1775 κενὸν
850 1708 999 1794 ἄπειρον,
1015 1706 1074 1790 οὐχ
1088 1706 1232 1794 ύπάρχει

163 1820 278 1900 μέσον,
313 1813 356 1890 ῶς
389 1819 536 1900 ε’ίρηται·
570 1813 738 1880 πλειόνων
769 1813 806 1878 δὲ
837 1811 970 1896 κόσμων
999 1810 1114 1889 ὄντων,
1147 1816 1231 1878 καθ’

125 1945 150 1984 ιε
165 1925 305 1985 ἕκαστον
328 1919 419 1985 ἔστιν
441 1919 531 1984 ἰ’διον
556 1922 670 2002 μέσον·
705 1914 790 1982 ῶστε
815 1922 944 2002 κίνησις
972 1916 1045 1980 ἰδία
1070 1927 1142 1992 τοϊς
1171 1919 1232 2002 μὲν

163 2021 224 2088 ε’πὶ
245 2026 342 2089 τοῦτο
358 2035 430 2098 τοῖς
445 2023 479 2088 δ’
495 2020 563 2088 άπδ
580 2021 698 2087 τούτου
713 2032 784 2098 τοίς
799 2022 837 2086 δὲ
853 2023 931 2103 περὶ
946 2022 1052 2096 τοῦτο,
1075 2021 1231 2108 καθάπερ

162 2125 259 2192 αὐτοὶ
282 2128 484 2211 διαιροῦσιν.
532 2125 550 2191 ὁ
573 2126 607 2191 δ’
631 2124 741 2202 δεξιῶν,
765 2125 898 2191 πολλῶν
912 2129 1022 2210 μέσων
1044 2126 1156 2202 ὄντων,
1179 2125 1231 2211 ἐφ’

164 2236 199 2295 ἓν
220 2228 324 2315 μόνον
348 2229 521 2295 ὠθεῖσθαι
543 2231 586 2294 τὰ
599 2230 684 2314 βάρη
708 2223 932 2310 πανταχόθεν,
957 2227 1054 2295 οὐδὲν
1076 2230 1230 2316 διαφέρει

161 2337 232 2411 τού,
254 2333 391 2400 πολλῶν
413 2333 517 2400 ὄντων
539 2332 739 2419 ἀνθρώπων,
763 2331 934 2409 ἀξιοῦντος
957 2337 1004 2410 εἰς
1026 2339 1108 2419 μίαν
1122 2334 1231 2420 φλέβα

121 2462 147 2501 ro
160 2439 199 2502 τδ
223 2439 440 2520 πανταχόθεν
462 2438 548 2522 αλμα
571 2451 702 2524 συρρεῖν
724 2439 780 2503 καὶ
803 2440 867 2523 μιᾷ
887 2436 1023 2523 μήνιγγι
1042 2438 1118 2514 τούς
1141 2441 1229 2504 πάν-

160 2565 228 2607 των
250 2541 452 2628 ἐγκεφάλους
480 2546 711 2624 περιέχεσθαι,
743 2542 855 2607 δεινὸν
885 2539 1071 2627 ἡγούμενος,
1106 2546 1137 2608 εἰ
1164 2545 1229 2609 τῶν

161 2649 312 2732 φυσικῶν
334 2647 497 2731 σωμάτων
520 2644 558 2711 οὐ
585 2651 667 2731 μίαν
696 2645 829 2710 ἅπαντα
856 2645 897 2710 τά
925 2646 1045 2731 στερρά
1067 2648 1123 2711 καὶ
1146 2651 1269 2731 μίανΒ

159 2751 202 2814 τὰ
234 2750 324 2834 μανά
355 2748 466 2835 χῶραν
499 2750 618 2836 ἐφέξει.
663 2751 719 2815 καὶ
751 2748 814 2830 γάρ
848 2743 943 2825 οὗτος
976 2748 1102 2826 ἄτοπος
1135 2752 1229 2815 ἔσται

160 2851 313 2928 κάκεῖνος
339 2851 531 2934 ἀγανακτῶν
553 2856 584 2917 εἰ
605 2855 648 2918 τὰ
669 2849 731 2919 ὅλα
752 2865 823 2928 τοῖς
845 2852 954 2918 αὐτῶν
975 2857 1089 2939 μέρεσι
1111 2856 1229 2940 χρῆται

120 2975 146 3013 2⁵
161 2957 222 3041 τήν
254 2956 338 3021 κατά
371 2958 473 3044 φύσιν
506 2962 609 3022 θέσιν
642 2956 774 3037 ἔχουσιν
806 2957 841 3021 ἕν
875 2953 1001 3044 ἑκάστῳ
1035 2958 1091 3022 καὶ
1123 2957 1227 3031 τάξιν.

162 3059 270 3125 ε’κεῖνο
293 3061 356 3145 γάρ
379 3058 419 3145 ἦν
441 3060 569 3126 ἄτοπον
600 3064 632 3125 εἴ
660 3085 711 3134 τις
744 3060 834 3141 ἔλεγε
856 3059 981 3144 κόσμον
1003 3064 1090 3126 εἶναι
1112 3060 1171 3126 τδν
1193 3061 1229 3126 ἐν

245 3238 261 3287 4
278 3237 717 3306 μέσον]μέτρον1)Βοιίι.ΑιοΙιτ.
771 3241 785 3288 7
804 3234 821 3304 ἢ
840 3255 884 3304 pro
904 3233 976 3303 ἣνΙ)
1030 3239 1044 3290 8
1063 3238 1116 3289 τῶν
1132 3244 1227 3306 μεταβ·

158 3321 246 3356 omucs
264 3315 368 3372 praetor
386 3308 459 3358 Barb.
474 3305 483 3374 ΙΙ
500 3304 548 3359 τὸν
565 3297 673 3375 κόσμου
691 3307 764 3358 libri:
783 3324 850 3357 corr.
864 3307 957 3359 Rcisko
1010 3308 1026 3357 9
1043 3305 1136 3375 ἑαυτῷ]
1155 3303 1227 3359 αὑτῶ

159 3375 234 3424 Barb.
269 3371 343 3425 αὐτῶ
361 3377 479 3428 DArubr.
511 3375 520 3445 ii
555 3378 600 3426 καὶ
620 3371 674 3447 γὰρ
691 3403 725 3414 -
742 3374 797 3440 ἔχει
819 3373 880 3447 γὰρ.
915 3377 985 3426 Haud
1010 3378 1074 3428 sutis
1097 3377 1231 3439 intelligo„

159 3442 208 3495 Vol
227 3442 381 3495 Plutarchus
399 3447 455 3511 ipsc
473 3447 515 3495 sui
533 3446 693 3512 epitomator,
721 3447 765 3496 vcl
791 3447 865 3508 ulios,
893 3453 1065 3507 argumentum
1089 3447 1225 3496 resecando

158 3511 318 3563 obscuravit.
353 3513 464 3580 Requiro
492 3515 538 3565 καὶ
566 3511 619 3582 γὰρ
649 3515 674 3564 εἰ
702 3514 808 3581 γῆν-
831 3513 887 3580 ἔχει
917 3517 963 3564 καὶ
991 3515 1078 3581 μέσον
1149 3515 1179 3563 12
1209 3507 1227 3579 ἥ

157 3581 268 3631 inseruit
298 3582 419 3633 Meziriac
458 3581 467 3650 Ιχ
506 3573 584 3640 σώζει
611 3579 680 3634 κατὰ
706 3578 778 3652 χῶρ.
807 3585 853 3633 καὶ
883 3583 944 3652 φυλ.
969 3581 1224 3634 ΒδΕΑνοί.Ροτ.

160 3649 190 3699 13
209 3645 259 3699 οὐκ
277 3641 399 3722 ὑπάρχει
416 3652 522 3718 scripsi:
547 3646 578 3701 οὐ
597 3653 770 3722 συμπαρέχει
787 3652 872 3702 Ambr.
892 3653 943 3717 (qui
960 3654 1042 3721 μέρος
1058 3667 1104 3717 pro
1122 3652 1226 3716 μέσον).

157 3712 188 3767 οὐ
217 3719 333 3786 παρέχει
357 3721 415 3771 rell.
488 3723 518 3772 15
546 3716 607 3770 ὥστ’
637 3719 714 3771 ἔσται
736 3720 801 3784 conj.
822 3721 991 3772 Bernurdukis
1064 3721 1094 3769 19
1121 3720 1169 3769 τοῦ
1194 3715 1225 3770 τὸ

156 3785 270 3839 πολλῶν
297 3790 325 3838 D.
368 3787 448 3840 τοῦδε
475 3805 506 3840 π.
532 3789 618 3840 Amor.
697 3790 729 3839 22
760 3785 856 3857 στερρὰ
886 3806 950 3839 unus
979 3792 1011 3840 D:
1041 3784 1136 3857 στερεά
1166 3789 1224 3839 rcll.

158 3855 189 3904 23
216 3850 312 3922 ὑφέξει
336 3858 421 3908 Ambr.
491 3859 524 3907 24
551 3855 652 3908 ἑαυτῶν
670 3857 756 3909 Ambr.
791 3853 882 3909 αὐτῶν
900 3859 982 3909 DBF
1013 3856 1021 3926 Η
1047 3860 1169 3924 χρῆσθαι
1187 3859 1225 3906 A?

158 3924 252 3973 Aldina
332 3926 364 3976 25
390 3926 430 3993 ἐχ.
448 3932 476 3977 θ.
495 3927 524 3979 ἐν
546 3925 583 3977 ἑκ.
604 3928 650 3976 καὶ
671 3944 694 3977 τ.
712 3927 785 3976 Barb.
825 3932 853 3979 θ.
871 3924 909 3992 ἐχ.
927 3928 974 3977 καὶ
994 3945 1016 3978 τ.
1035 3926 1064 3978 ἐν
1084 3925 1120 3977 ἑκ.
1139 3924 1224 3976 Ambr.

158 3991 190 4041 26
208 3991 238 4043 ἐν
258 3988 332 4044 αὐτῶ
350 3993 490 4056 (ἔνὲαυτῶ
503 3993 728 4052 (ΞοΙΙ.Νον.)Ἑ“Ε.
759 3996 885 4062 Corrupto
903 3997 972 4046 hoec.
1004 3995 1073 4061 Quos
1091 3995 1226 4061 proposuit

158 4060 261 4140 Mpdvig
283 4063 359 4114 nimis
381 4080 396 4114 ε
417 4065 521 4134 truditis
544 4065 674 4128 recedunt,
702 4080 781 4129 usquc
800 4066 902 4131 placent
921 4065 1089 4117 Boruordakis
1107 4061 1136 4117 έν
1153 4059 1225 4136 αὐτῷ

157 4144 236 4183 κακον.
273 4131 469 4185 Scriboniumuo
487 4129 639 4187 ἐνδοτάτωί
