2842 4724
194 272 257 335 106
603 267 656 317 DE
673 265 849 318 DEFEGTU
1192 286 1257 335 pm

191 447 250 532 τήν
272 444 308 509 έκ
329 446 409 528 μιᾶς
431 440 508 528 ύλης
530 446 595 509 τών
618 447 716 510 πέντε
743 441 874 526 κόσμων
896 446 1032 522 γένεσιν.
1077 441 1113 508 ἓν
1147 443 1184 508 δὲ
1216 447 1259 531 τῷ

191 549 293 615 παντὶ
327 552 425 613 πέντε
458 547 519 632 μὲν
551 546 667 623 ζώναις
700 542 718 612 ό
748 547 826 631 περὶ
853 544 915 632 χήν
940 544 1058 624 τόπος,
1094 550 1196 613 πέντε
1224 549 1259 612 δὲ

191 650 322 727 κύκλοις
355 649 374 716 ό
408 648 546 736 οὐρανός
573 643 762 736 διώρισται,
795 649 892 716 δυσὶν
914 646 1081 733 ἀρκτικοῖς
1105 651 1162 715 καὶ
1184 651 1258 717 δυσὶ

120 767 173 821 430
190 766 365 842 τροπικοῖς
396 755 453 818 καὶ
485 757 575 840 μέσῳ
609 756 655 840 τῷ
688 756 881 840 ἰσημερινῷ·
920 756 1018 819 πέντε
1055 752 1087 818 δ’
1126 753 1164 819 αῖ
1197 757 1259 820 τών

192 858 417 945 πλανωμένων
460 856 590 940 ἄστρων
628 857 782 942 περίοδοι
818 854 1005 938 γεγόνασιν,
1047 854 1162 922 Ἡλίου
1206 859 1280 923 καὶι

192 959 381 1047 Φωσφόρου
415 964 470 1025 καί
503 961 690 1045 Στίλβωνος
724 957 1011 1046 ὁμοδρομούντων.
1066 959 1258 1046 ἐναρμόνιος

190 1064 253 1152 γάρ
277 1064 296 1150 ή
318 1066 377 1131 τού
399 1063 526 1149 κόσμου
549 1063 711 1141 σύνταξις,
746 1059 858 1148 ὥσπερ
888 1060 1003 1148 ἀμέλει
1033 1065 1090 1127 καὶ
1118 1065 1156 1129 τό
1182 1067 1257 1149 παρ’

191 1169 269 1254 ήμῖν
299 1167 506 1254 ἡρμοσμένον
533 1167 569 1232 ἒν
594 1170 694 1233 πέντε
716 1165 942 1253 τετραχόρδων
964 1169 1105 1233 θέσεσιν
1128 1164 1256 1252 όρᾶται,

190 1275 256 1338 τών
277 1266 414 1338 ύποίτων
436 1270 491 1336 καὶ
512 1275 622 1355 μέσων
643 1271 699 1335 καὶ
720 1267 936 1355 συνημμένων
951 1269 1006 1333 καὶ
1023 1268 1257 1355 διεζευγμένων

191 1376 247 1440 καὶ
268 1373 514 1459 ὑπερβολαίων·
537 1376 592 1439 καί
616 1376 656 1440 τὰ
673 1372 909 1460 μελῳδούμενα
924 1370 1137 1459 διαστήματα
1152 1372 1255 1453 πέντε,
1266 1401 1287 1440 ιο

191 1479 297 1554 δίεσις
333 1479 389 1543 καὶ
426 1473 601 1564 ἡμιτόνιον
637 1480 692 1543 καί
725 1475 822 1552 τόνος
854 1476 909 1541 καὶ
941 1477 1172 1562 τριημιτόνιον
1205 1477 1256 1542 καὶ

191 1580 330 1648 δίτονον.
377 1578 478 1657 οὕτως
507 1580 527 1668 ή
554 1581 656 1669 φύσις
685 1580 772 1645 ἔοικε
798 1582 844 1667 τῷ
871 1583 969 1646 πέντε
992 1591 1105 1646 ποιεῖν
1128 1577 1256 1648 ἅπαντα

7 1710 137 1761 mmo)
190 1690 319 1771 χαίρειν
341 1684 468 1771 μᾶλλον
489 1685 509 1771 ή
531 1688 577 1771 τῷ
600 1685 812 1772 σφαιροειδῆ,
847 1681 1004 1769 καθοίπερ
1034 1683 1256 1770 Ἀριστοτέλης

191 1788 302 1870 ἔλεγε.’

16 1906 136 1960 imm-⁶⁵⁰)
276 1894 326 1956 37.
362 1896 422 1957 ‘Tc
445 1892 541 1978 δῆτα,
564 1891 671 1977 φήσαι
692 1913 743 1966 τις
766 1889 817 1967 ἄν,
840 1886 1147 1957 όΠλοίτωνέπὶτά
1161 1895 1286 1958 πέντεν

149 2010 171 2058 Β
191 1993 343 2083 σχήματα
361 1997 419 2062 τόν
438 1998 505 2062 τών
520 1998 618 2061 πέντε
633 1995 766 2080 κόσμων
782 1992 931 2080 ἀριθμόν
946 1992 1133 2080 ἀνήνεγκεν,
1155 1997 1255 2061 εἰπών

191 2097 242 2165 ὅτι
265 2101 304 2192 τή
327 2104 463 2186 πέμπτη
487 2097 643 2165 συστοίσει
667 2096 699 2164 ιό
721 2100 804 2176 θεὸς
826 2098 885 2164 ε’πὶ
900 2100 937 2164 τὸ
954 2100 1023 2166 πᾶν
1038 2098 1254 2186 κατεχρήσατο

190 2203 297 2269 έκεῖνο
332 2202 606 2288 διαζωγραφώνς’
641 2206 713 2268 εἶτα
740 2202 799 2288 τήν
824 2203 902 2288 περὶ
929 2205 986 2269 τού
1013 2201 1170 2288 πλήθους
1195 2205 1255 2269 τόν

189 2306 323 2392 κόσμων
355 2304 500 2383 ύποθεὶς
534 2304 690 2391 ἀπορίαν,
725 2307 867 2392 πότερον
893 2312 952 2373 ένα
974 2305 995 2392 ἢ
1017 2310 1117 2373 πέντε
1140 2304 1254 2383 αύτούς

189 2405 336 2495 ἀληθείη
355 2407 546 2496 πεφυκότας
561 2410 669 2491 λέγειν
685 2409 859 2496 προσήκει,
883 2409 982 2497 δῆλός
997 2410 1088 2488 ἐστιν
1103 2411 1254 2479 ἐντεῦθεν
1264 2429 1284 2470 ιο

190 2511 342 2596 οἰόμενος
369 2509 548 2600 ώρμήσθαι
570 2514 629 2600 τήν
651 2510 827 2581 ύπόνοιαν.
872 2518 967 2600 είπερ
1001 2509 1060 2581 οὖν
1086 2515 1141 2580 δεῖ
1174 2511 1253 2601 πρός

188 2619 247 2701 τήν
279 2617 407 2684 ἐκείνου
436 2618 593 2685 διάνοιαν
621 2616 766 2700 ἀπάγειν
794 2619 831 2684 τὸ
860 2617 959 2697 εἰκός,
994 2620 1173 2705 σκοπώμεν
1206 2617 1253 2686 ὅτι

189 2731 262 2796 ταῖς
298 2723 363 2787 τών
401 2720 563 2807 σωμάτων
599 2723 655 2786 καὶ
693 2720 869 2808 σχημάτων
905 2723 1040 2790 ἐκείνων
1076 2723 1253 2811 διαφοραῖς

189 2818 314 2910 ἀνοίγκη
348 2827 404 2889 καὶ
435 2824 595 2910 κινήσεων
624 2822 725 2901 εὐθύς
753 2830 903 2891 ἕπεσθαι
930 2825 1109 2912 διαφοράς,
1145 2823 1253 2914 ὥσπερ

190 2925 289 3004 αὐτὸς
322 2927 490 3006 διδάσκει,
523 2930 560 2994 τό
584 2929 838 3016 διακρινόμενον
859 2928 879 3016 ή
902 2929 1161 3015 συγκρινόμενον
1188 2928 1285 3016 ἀμαυ

151 3034 246 3116 Οτής
280 3028 396 3107 ούσίας
426 3034 466 3123 τή
497 3031 683 3115 ἑτεροιώσει
717 3035 773 3097 καὶ
806 3033 864 3099 τόν
896 3031 1002 3101 τόπον
1023 3034 1254 3119 μεταλλάττειν

189 3133 469 3221 ἀποφαινόμενος.
514 3135 556 3203 ἂν
577 3137 639 3220 γὰρ
663 3136 700 3212 έξ
720 3135 815 3224 ἀέρος
839 3140 905 3223 πῦρ
928 3141 1070 3223 γένηται,
1096 3138 1254 3213 λυθέντος

188 3241 247 3303 τού
262 3235 441 3323 ὀκταέδρου
457 3242 512 3304 καὶ
528 3246 810 3327 κερματισθέντος
825 3242 873 3318 είς
889 3242 1090 3328 πυραμίδας,
1112 3241 1134 3327 ή
1153 3241 1255 3308 πάλιν

274 3478 289 3528 3
307 3477 385 3531 δυσίν
403 3482 440 3540 (ut
457 3480 567 3545 videtur)
588 3497 673 3533 omnes
692 3488 795 3548 praeter
814 3482 831 3532 Β
896 3482 911 3532 6
930 3495 961 3533 στ
962 3483 1084 3548 λβοντος
1101 3481 1122 3533 Ε
1148 3480 1158 3546 ΙΙ
1181 3479 1255 3551 ἔναρ

187 3545 283 3616 μόνιος
305 3542 368 3615 γὰρ]
396 3548 432 3599 ita
460 3550 555 3615 scripsi
577 3566 633 3601 cum
651 3551 736 3602 Ambr.
773 3551 921 3632 8οηίρῑυοεε
944 3567 981 3618 pr.
999 3566 1030 3601 m.
1044 3551 1117 3602 Burb.
1137 3558 1255 3603 servatur

186 3613 998 3765 {22325355530552„211⁸⁰¹’‘·-1²a¹;5352503“5f¹:12355?
1021 3620 1254 3740 ’θδίῗέόῖέδλ

190 3754 218 3803 11
239 3743 411 3820 τριημιτόνια
425 3755 496 3807 ΒοτΙι.
510 3757 610 3816 (-τονία
622 3773 672 3807 sec.
686 3758 728 3822 m.)
774 3757 804 3807 12
823 3746 951 3809 διάτονον
963 3756 1051 3808 Ambr.
1061 3755 1081 3806 F
1129 3756 1160 3807 13
1173 3771 1255 3824 σφαι-

188 3822 290 3886 ροειδεῖ
314 3823 388 3872 libri:
417 3839 483 3874 υοιι.
497 3822 575 3875 Turn.
592 3826 663 3877 Vulc.
695 3824 704 3892 ss
734 3819 861 3880 καθὼςΒ
933 3825 964 3875 16
990 3827 1073 3878 πέντε
1100 3841 1147 3876 om
1169 3824 1255 3878 uvat„

188 3890 243 3941 Pet.
316 3891 346 3941 18
372 3889 495 3959 διαζωγρ.
514 3891 605 3973 Pntzig
632 3909 665 3944 ex
685 3894 789 3944 Platone
813 3892 886 3952 (Tim.
906 3895 974 3973 550)
994 3900 1020 3943 et
1046 3893 1101 3960 ῐμεο
1119 3892 1254 3945 ΡΙιιῑετολο

188 3958 413 4040 (Μοι.1003ο)ε
449 3954 615 4041 διμγρύφων
700 3963 732 4011 22
763 3955 891 4027 ἀπάγειν]
920 3954 1032 4029 ἐπείγειν
1057 3962 1143 4029 wytt.
1173 3962 1255 4013 malim

188 4020 300 4094 ἀνάγειν
318 4030 360 4078 vel
379 4022 560 4082 ἀναπλάττειν
584 4028 593 4096 l)
617 4029 774 4112 σκοπῶμεν
775 4028 875 4113 Wytt.
897 4030 1009 4082 σκοπῶν
1061 4029 1093 4080 23
1104 4027 1256 4112 διαφόροις

188 4094 275 4145 Ambr.
287 4095 398 4147 BFPet
446 4091 516 4148 25⁰
498 4115 557 4166 αμα
570 4099 648 4150 Turn
658 4099 744 4152 &ulca
764 4092 855 4167 ὄνομα
873 4099 936 4150 libri
982 4099 1015 4150 26
1032 4093 1255 4172 ἑτερώσειλωίιι.
