2842 4724
277 279 320 341 76
690 276 740 327 σο
760 275 935 343 onmem
1277 300 1346 348 Μ,

276 452 398 536 μεταξύ
429 454 487 536 γής
514 452 569 516 καὶ
598 451 748 537 σελήνης,
782 451 817 518 ἓν
844 455 935 536 μέσῳ
963 456 1068 539 κενής,
1082 455 1139 524 καὶ
1168 453 1345 523 ἀσυνδέτου

275 554 382 641 χώρας
404 559 579 640 γενομένης
602 556 661 640 τήν
683 554 820 640 ἑνότητα
843 554 996 621 διαλύσει
1019 557 1075 621 καὶ
1097 559 1159 630 τήν
1173 565 1347 626 κοινωνίαν

274 661 334 724 τοῦ
363 658 499 736 παντός,
528 649 635 733 ὀὕτως
658 657 691 723 οἳ
714 658 884 743 δαιμόνων
907 663 1001 738 γένος
1023 663 1068 747 μή
1091 658 1345 741 ἀπολείποντες,

275 760 477 847 ἀνεπίμικτα
507 761 548 827 τά
580 763 646 827 τῶν
678 763 769 827 θεῶν
799 763 856 826 καὶ
890 759 1083 848 ἀνθρώπων
1117 768 1262 831 ποιοῦσι
1294 767 1345 831 καὶ

90 880 177 935 (²⁶⁰⁰)
274 863 516 943 ἀσυνάλλακτα,
550 866 609 951 τήν
631 851 874 952 ἑρμηνευτικήν,
909 863 953 943 οἱς
967 861 1117 933 ’Πλάτων
1139 861 1266 951 ἔλεγεν,
1294 870 1367 934 καῖε

232 970 469 1054 Ρδιακυνικήν
496 967 708 1055 ἀναιροῦντες
730 968 847 1055 φύσιν,
881 969 901 1056 ἢ
924 969 1035 1036 πάντα
1057 969 1178 1056 φύρειν
1201 969 1273 1057 ἅμα
1294 974 1345 1037 καί

274 1070 447 1156 ταράττειν
475 1069 721 1152 ἀναγκάζουσιν
749 1070 835 1157 ήμάς
863 1085 933 1148 τοῖς
962 1071 1196 1160 ἀνθρωπίνοις
1217 1078 1345 1143 πάθεσι

276 1176 331 1238 καὶ
362 1175 538 1260 πράγμασι
565 1171 625 1241 τόν
654 1176 738 1241 θεὸν
766 1176 1007 1261 ἐμβιβάζοντας
1029 1178 1086 1242 καὶ
1109 1183 1346 1257 κατασπῶντας

275 1279 334 1342 ε’πὶ
356 1279 414 1353 τάς
435 1283 560 1364 χρείας,
584 1276 696 1365 ὥσπερ
719 1279 756 1344 αἱ
773 1277 938 1345 Θετταλαὶ
958 1281 1108 1362 λέγονται
1124 1283 1185 1368 τήν
1201 1282 1345 1370 σελήνην.

203 1395 255 1447 417
276 1381 345 1450 ἀλλ’
375 1382 508 1448 ἐκείνων
537 1382 597 1465 μὲν
627 1383 663 1448 έν
689 1384 819 1464 γυναιξὶ
846 1383 883 1449 τό
906 1387 1095 1469 πανοῦργον
1117 1385 1194 1468 ἔσχε
1217 1391 1342 1465 πίστιν,
1355 1413 1376 1452 1ο

270 1467 481 1571 Ἀγλασνίκης
500 1489 557 1572 τής
569 1484 758 1572 Ἡγήτορος,
783 1484 825 1562 ῦς
841 1507 958 1573 φασιν,
981 1484 1220 1577 ἀστρολογικῆς
1234 1514 1343 1573 γυναι-

274 1589 343 1668 κός,
376 1590 412 1655 έν
444 1589 593 1676 ἐκλείψει
627 1590 761 1676 σελήνης
788 1588 842 1655 ἀεὶ
865 1596 1158 1679 προσποιουμένης
1179 1593 1345 1680 γοητεύειν

274 1695 329 1759 καὶ
367 1697 548 1780 καθαιρεῖν
584 1691 693 1779 αῦτήν.
751 1692 845 1779 ήμεῖς
878 1696 917 1761 δὲ
949 1696 1030 1783 μήτε
1064 1702 1225 1782 μαντείας
1257 1701 1345 1775 τινάς

274 1792 479 1872 ἀθειάστους
520 1799 606 1862 είναι
643 1796 798 1877 λέγοντας
833 1797 854 1884 ἢ
890 1798 1018 1876 τελετὰς
1054 1801 1110 1865 καὶ
1147 1795 1345 1888 ἀργιασμούς

274 1899 517 1985 ἀμελουμένους
543 1896 613 1966 ῦπό
643 1902 734 1966 θεῶν
763 1898 948 1984 ἀκούωμεν·
984 1903 1057 1989 μήτ’
1085 1899 1128 1970 αὖ
1155 1905 1264 1972 πάλιν
1291 1903 1345 1972 τόν
1355 1931 1377 1971 1ο

273 2005 357 2070 θεὸν
384 2003 420 2070 ἓν
446 2003 578 2079 τούτοις
606 2001 878 2091 ἀναστρέφεσθαι
908 2007 965 2070 καὶ
992 2018 1152 2092 παρεῖναι
1181 2009 1239 2073 καὶ
1267 2026 1344 2096 συμ

273 2107 574 2192 πραγματεύεσθαι
597 2104 800 2191 δοξάζωμεν,
826 2105 897 2174 ἀλλ’
920 2107 971 2186 οίς
993 2108 1127 2176 δίκαιόν
1148 2111 1222 2177 ἐστι
1245 2114 1345 2179 ταῦτα

273 2214 476 2297 λειτουργοῖς
518 2212 611 2275 θεῶν
654 2204 871 2288 ἀνατιθέντες
914 2209 1026 2299 ω’σπερ
1070 2211 1254 2301 ῦπηρίταις
1291 2217 1343 2281 καὶ

272 2316 516 2400 γραμματεῦσι,
562 2313 725 2397 δαίμονας
765 2313 950 2399 νομίζωμεν
987 2316 1198 2394 ἐπισκόπους
1237 2321 1344 2400 [θεάν]

274 2418 370 2501 ἱεροῦν
395 2418 451 2481 καὶ
473 2421 662 2502 μυστηρίων
685 2415 874 2504 ὀργιαστάς,
910 2416 1029 2495 ἄλλους
1062 2419 1100 2484 δὲ
1128 2422 1195 2487 τῦν
1223 2417 1376 2508 ύπερη-ιῖ

232 2538 253 2587 Β
274 2520 390 2608 (μάνων
417 2520 473 2584 καὶ
496 2520 647 2605 μεγάλων
668 2521 832 2605 τιμωρούς
855 2519 996 2588 ἀδικιῶν
1018 2522 1227 2608 περιπολεῖν.
1272 2527 1344 2602 τοῦς

58 2646 211 2701 (onnam)
272 2625 309 2691 δὲ
342 2623 432 2690 πάνυ
466 2625 591 2708 σεμνῶς
625 2623 817 2701 όἩσίοδος
838 2623 976 2705 (ἁγνούς
999 2638 1168 2710 προσεῖπε
1192 2630 1342 2696 ιπλουτο-

271 2728 386 2806 δότας,
410 2729 466 2793 καὶ
488 2730 584 2794 τοῦτο
606 2731 704 2814 γέρας
725 2726 902 2815 βασιλήιον
924 2729 1076 2811 ἔχοντας’,
1098 2729 1142 2807 οῦς
1165 2735 1343 2817 βασιλικοῦ

270 2837 329 2900 τοῦ
352 2829 389 2899 εὖ
412 2843 528 2898 ποιεῖν
550 2830 654 2907 ὄντος.
699 2833 766 2897 ελσὶ
798 2831 874 2917 γάρ,
909 2831 951 2910 οἷς
979 2833 1015 2900 ἐν
1041 2831 1255 2916 ἀνθρώποις,
1290 2838 1342 2903 καὶ

271 2939 432 3025 δαίμοσιν
455 2936 569 3023 ἀρετῆς
592 2936 755 3020 διαφοραί
779 2937 835 3000 καὶ
856 2937 915 3002 τοῦ
938 2939 1132 3022 παθητικοῦ
1147 2941 1205 3003 καί
1221 2936 1372 3023 άλόγσνυ

269 3055 340 3120 τοῖς
363 3043 423 3128 μὲν
445 3039 587 3115 ἀσθενὲς
610 3041 666 3104 καὶ
689 3036 837 3124 ἀμαυρόν
856 3038 905 3103 ἔτι
921 3038 1083 3122 λείψανον
1099 3038 1214 3130 ὥσπερ
1230 3050 1341 3130 περίτ·

268 3173 375 3232 τωμα,
402 3157 470 3221 τοῖς
493 3144 530 3209 δὲ
552 3143 640 3208 πολι)
663 3145 716 3206 καὶ
741 3141 1027 3226 δυσκατάσβεστον
1042 3144 1182 3224 ἔνεστιν,
1207 3144 1255 3213 οἷν
1270 3153 1339 3235 ἴχνη

269 3254 325 3317 καὶ
349 3248 501 3335 σύμβολα
524 3245 692 3328 πολλαχοῦ
708 3244 829 3310 θυσίαι
846 3245 902 3308 καὶ
917 3245 1044 3311 τελεταὶ
1059 3249 1115 3312 καί
1131 3251 1339 3332 μυθολογίαι
1387 3258 1390 3263 ’

269 3353 415 3442 σηίζουσι
438 3352 495 3417 καὶ
518 3347 801 3435 διαφυλάττουσιν
823 3348 1109 3435 ἀνδιεσπαρμένα.’

354 3636 368 3685 7
387 3631 494 3687 πάθεσι
505 3631 552 3682 καλ
564 3626 667 3683 πάθεσι
680 3629 752 3680 Βιτλι,
779 3625 926 3717 πράγμασι
937 3620 1102 3708 καζπάθεσι
1113 3647 1130 3678 v
1185 3633 1214 3685 11
1230 3630 1338 3701 Ἀγχαο.

267 3710 350 3773 νίκηςΙ
368 3701 506 3781 Ἀγαηίκης
527 3701 598 3750 codd.
616 3717 639 3766 p.
654 3701 720 3752 1450
752 3696 760 3765 ήΙ
790 3715 825 3755 ως
848 3699 942 3766 φασιν]
970 3713 1008 3750 ων
1030 3712 1096 3767 φησι
1118 3700 1193 3750 Βεοό.
1230 3702 1337 3754 Latetne

671 3767 700 3820 13
728 3763 802 3824 τινάς
824 3795 857 3804 -
880 3766 1017 3833 λέγοντας]
1042 3767 1125 3818 τινῶν
1147 3796 1182 3830 -,
1205 3762 1338 3839 λεγόντων

268 3848 354 3898 Ambr.
373 3839 457 3907 (τινὰς
474 3868 508 3878 -
528 3827 663 3907 λεγόντων
681 3836 774 3887 Aldina
797 3842 832 3896 εί,
858 3841 886 3883 ut
904 3834 1016 3897 videtur,
1038 3833 1079 3897 F),
1105 3842 1181 3902 atquo
1201 3839 1236 3889 ite
1256 3840 1337 3891 malim

270 3916 300 3967 19
318 3914 392 3966 θεῶν
410 3910 519 3973 seclusi3
540 3909 625 3961 θείων
644 3904 744 3968 Remo,
762 3905 806 3956 sed
824 3905 887 3954 θεῖα
906 3897 966 3967 ἱερά
985 3917 1034 3951 non
1054 3903 1172 3967 intelligo
1227 3908 1256 3958 21
1279 3903 1338 3964 τοὺς

267 3983 305 4046 δὲ]
324 3977 369 4039 οῦς
387 3977 422 4046 δή
440 3979 564 4031 Μοτίοἰιο
585 3974 629 4042 'qui
646 3976 708 4024 haec
726 3980 784 4038 post
802 3966 950 4042 ὀργιαστάς
968 3970 1081 4021 collocat
1150 3973 1183 4024 24
1208 3976 1264 4026 εῖσλ
1284 3973 1336 4044 γάρ

266 4067 345 4172 ου
363 4027 685 4169 σύνωσιν*
702 4037 1169 4163 νόσων.Εωίιῐλου
1184 4041 1305 4103 EV
1322 4043 1334 4113 ¹¹

280 4136 296 4172 ν
331 4135 373 4171 ees
405 4135 431 4168 ιο
481 4132 496 4166 v
566 4132 579 4166 ε

268 3777 385 3829 οιὴοίσου
410 3771 588 3842 Γομιμισσαςί
