2842 4724
163 300 234 351 pm
577 281 829 336 ORAOULORUM
1191 286 1233 351 85

163 463 296 545 θηρίων
324 457 434 523 πολλὰ
457 457 558 544 <μὲν>
582 458 760 544 δυσκίνητα
789 459 845 522 καὶ
873 461 992 544 νωθροὶ
1012 471 1087 537 ταῖς
1107 472 1234 548 ψυχαῖς

134 608 149 644 .,
162 563 243 628 ὄντα
277 560 388 628 πολλοὶ
420 562 458 628 δὲ
490 559 657 627 ἀκόλαστα
690 563 746 625 καὶ
779 561 906 627 ἄτακτα
927 565 992 627 τῶν
1014 567 1156 630 συνετῶν
1178 567 1234 630 καὶ

162 665 364 750 πανούργων
385 666 520 750 χρόνους
545 665 580 757 ζῇ
602 671 833 752 μακροτέρους.
870 663 955 733 ὅθεν
977 666 1036 732 οὐκ
1051 664 1087 732 εὗ
1101 671 1147 755 τῷ
1162 672 1234 755 θεῷ

161 771 222 856 την
246 768 422 856 ἀιδιότητα
445 772 602 836 ποιοῦσιν
624 767 659 836 ἐκ
680 770 828 856 φυλακῆς
850 771 906 835 καὶ
925 759 1147 857 διακρούσεως
1169 777 1234 841 τῶν

136 871 389 956 ιάναιρετικιόν.
415 874 503 940 πέδει
536 874 598 959 γᾶρ
632 873 668 940 ἒν
700 877 739 966 τῇ
773 868 874 959 φάσει
907 877 966 941 τοῦ
998 882 1163 960 μακαρίου
1195 878 1275 944 τὸΓι
1300 890 1305 898 “

161 975 300 1054 ἀπαθὲς
323 980 378 1043 καὶ
402 977 581 1065 ἄφθαρτον
604 981 700 1055 εἶναι,
723 978 888 1064 μηδεμιᾶς
909 985 1137 1065 πραγματείας
1160 980 1233 1046 δεό-

161 1105 273 1165 μενον.
312 1081 381 1146 ἀλλ’
405 1086 486 1157 ἴσως
507 1082 545 1147 τό
565 1080 675 1162 λέγειν
695 1082 779 1166 πρός
794 1082 838 1168 μη
855 1083 1022 1166 παρόντας
1039 1083 1097 1149 οὐκ
1112 1083 1232 1165 εὔγνω-

160 1210 225 1269 μον
256 1190 422 1268 φαίνεται.
466 1184 571 1251 πάλιν
599 1182 657 1252 οὖν
685 1185 704 1252 δ
731 1185 960 1272 Κλεόμβροτος
986 1185 1066 1274 ἡμῖν
1092 1185 1130 1253 ὃν
1158 1188 1231 1272 ἄρτι

160 1290 240 1373 περὶ
268 1293 326 1375 τῆς
353 1285 584 1374 μεταστάσεως
612 1292 667 1355 καὶ
695 1292 800 1377 φυγῆς
826 1294 892 1356 τῶν
914 1292 1100 1375 δαιμονίων
1127 1291 1233 1379 ἀφῆκε

125 1421 148 1460 ιο
161 1393 262 1474 λόγον
285 1391 467 1478 ἀναλαβεῖν
489 1393 620 1469 δίκαιός
643 1393 735 1459 ἐστι)

249 1500 301 1563 21.
340 1499 405 1563 Καὶ
440 1496 791 1564 όΚΛΕΟΜΒΡΟΤΟΣ
825 1496 917 1564 ιἀλλά
944 1497 1155 1584 θαυμάσαιμ’
1183 1498 1232 1563 ἄν’

162 1605 259 1667 εἶπεν
285 1603 326 1667 ιεί
353 1601 396 1688 μη
419 1603 507 1668 πολὺ
531 1607 687 1689 φαίνεται
710 1605 777 1668 τῶν
799 1605 978 1689 εἰρημένων
1000 1602 1079 1687 ὑμῖν
1101 1600 1232 1667 ἀτοπιό-

160 1729 262 1790 τερος.
308 1710 417 1770 καίτοι
448 1706 542 1771 δοκεῖ
571 1708 790 1791 φυσιολογίας
817 1707 973 1789 ἔχεσθαι,
1006 1708 1062 1771 καὶ
1092 1707 1233 1772 Πλάτων

161 1806 251 1894 αὐτῷ
283 1814 429 1892 παρέσχε
461 1810 498 1875 τό
514 1862 516 1866 ,
533 1807 709 1894 ἐνδόσιμον
742 1808 801 1891 οὐχ
831 1808 945 1886 ἄπλῶς
973 1808 1232 1897 ἀποφηνάμενος

121 1945 147 1983 15
161 1915 260 2000 δόξης
278 1914 354 2000 (δὲ)
379 1912 528 1999 ἀμαυρᾶς
550 1910 716 1981 ὑπόνοιαν
738 1915 891 2000 ἐμβαλών
913 1914 1139 2001 αἰνιγματώδη
1163 1919 1231 2000 μετ’

162 2017 349 2102 εὐλαβείας·
381 2016 449 2081 ἀλλ’
473 2014 561 2101 ὅμως
587 2019 696 2104 πολλὴ
719 2023 833 2099 γέγονε
855 2017 1007 2084 κάκείνου
1030 2018 1272 2105 καταβόησιςΕ

160 2121 229 2189 ἀπὸ
259 2125 324 2188 τῶν
351 2120 459 2188 ἄλλων
487 2120 693 2209 φιλοσόφων.
739 2123 814 2187 έπεί
836 2124 874 2187 δὲ
900 2122 1023 2208 μόθων
1045 2123 1101 2187 καὶ
1124 2123 1231 2203 λόγων
1248 2136 1299 2190 421

162 2225 435 2311 ἀναμεμιγμένων
450 2227 569 2313 κρατηρ
585 2226 620 2293 έν
635 2231 724 2313 μέσφ
737 2224 911 2311 πρόκειται
923 2228 992 2310 (καὶ
1005 2229 1071 2292 ποῦ
1082 2252 1133 2304 τις
1145 2226 1229 2312 <ἄν>
1264 2236 1266 2239 ’

162 2331 198 2396 ἓν
223 2329 467 2414 εὐμενεστέροις
497 2328 676 2415 ἀκροαταῖς
705 2330 870 2413 ἐπιτυχών
900 2328 1011 2414 ὥσπερ
1040 2336 1232 2416 νομίσματα

123 2467 148 2507 20
162 2434 275 2509 ξενικοὶ
296 2432 430 2511 τούτους
453 2432 647 2518 δοκιμάσειε
668 2435 744 2511 τους
766 2434 925 2517 λόγους;),
948 2432 1007 2501 οὐκ
1030 2433 1114 2502 ὀκνοῖ
1136 2439 1231 2521 χαρί-

164 2537 286 2613 ζεσθαι
315 2538 484 2621 βαρβάρου
512 2537 668 2625 διήγησιν
695 2536 831 2623 ἀνδρός,
863 2537 902 2604 δν
924 2538 1068 2615 πλάναις
1091 2538 1233 2616 πολλαῖς

162 2647 219 2706 καὶ
240 2641 387 2727 μήνυτρα
401 2640 533 2718 τελέσας
548 2641 688 2727 μεγάλα,
710 2645 789 2727 περὶ
804 2643 862 2730 την
873 2640 1040 2728 Ἐρυθρὰν
1055 2641 1233 2708 θάλασσαν

162 2743 362 2829 ἀνθρώποις
392 2744 456 2811 ἀνὰ
483 2749 553 2811 πάν
580 2746 651 2822 ἔτος
680 2743 773 2820 ἀπαξ
801 2747 1040 2829 ἐντυγχάνοντα
1068 2745 1172 2811 τᾶλλα
1194 2747 1232 2812 δὲ

162 2849 305 2915 συνόντα
328 2847 474 2934 νόμφαις
496 2849 617 2935 νομάσι
640 2850 695 2915 καὶ
718 2846 888 2934 δαίμοσιν,
912 2849 955 2927 ιδς
977 2851 1112 2936 ἔφασκε,
1136 2849 1232 2934 μόλις

123 2977 148 3016 ω
162 2953 345 3037 ἐξανευρών
367 2953 480 3034 ἔτυχον
495 2951 595 3034 λόγου
618 2954 674 3018 καὶ
689 2953 945 3040 φιλοφροσύνης.
984 2953 1156 3028 κάλλιστος
1171 2954 1231 3037 μὲν

162 3053 201 3141 ἦν
224 3050 270 3121 ἄν
292 3056 384 3122 εἶδον
405 3054 598 3140 ἀνθρώπων
620 3055 772 3144 ὀφθῆναι
795 3057 895 3123 νόσου
915 3082 951 3122 τε
967 3056 1076 3142 πάσης
1091 3055 1231 3142 ἀπαθὴς

250 3301 262 3351 1
291 3303 397 3368 θηρίων
421 3294 509 3366 (ζάων
530 3302 675 3368 Turnebus)
701 3303 801 3370 Wytt.:
831 3306 916 3354 θείων
945 3300 953 3369 λι
983 3300 1035 3370 μὲν
1061 3302 1230 3355 add.‚Reiske

162 3369 177 3420 5
195 3367 336 3438 αἱρετικών
354 3372 426 3422 Barb.
446 3370 524 3436 (corr.
537 3389 587 3423 εεο.
600 3372 644 3438 m.)
704 3373 719 3422 6
738 3372 854 3441 δεομένη
872 3388 922 3422 sec.
936 3387 967 3420 m.
980 3371 1053 3421 Barb.
1117 3372 1147 3423 12
1165 3367 1232 3440 ὑμῖν

161 3436 306 3488 Ambr.V³:
333 3434 400 3507 ἡμῖν
426 3440 484 3491 rell.
558 3442 588 3490 15
612 3438 690 3506 δόξης
709 3439 768 3506 <δὲ>
788 3438 914 3509 ἀμαυρᾶς
936 3435 996 3501 ὑπ]
1014 3440 1051 3489 ita
1076 3441 1170 3506 scripsi
1189 3438 1230 3503 (δὲ

161 3507 264 3573 supplet
282 3509 364 3558 Αυου.
382 3508 409 3558 in
428 3508 520 3559 Aldina
540 3511 608 3561 Bodl.
628 3519 655 3561 et
677 3511 759 3564 indice
782 3512 820 3560 ed.
834 3508 976 3572 Francof,):
1004 3505 1082 3573 δόξης
1104 3505 1231 3577 ἀμαυρᾶς

160 3577 205 3626 καὶ
222 3571 270 3625 ὑπ.
287 3574 320 3626 V¹
334 3577 405 3627 Barb.
436 3575 466 3629 ἐκ
477 3576 501 3628 δ.
514 3573 561 3647 ἀμ.
575 3579 620 3629 καὶ
633 3575 680 3630 ὑπ.
694 3578 751 3631 rell.
779 3579 896 3630 Ceterum
915 3576 975 3627 fort„
994 3577 1154 3628 scribendum
1173 3573 1229 3628 ἀλλ’

161 3639 585 3779 ssfa'sseffisssffl3322&
602 3642 1230 3767 ⁶}3''⁷?Jf1>‘}'ss“ss⁹3'}{⁵fflmm33⁸}fflfiffffi

162 3797 217 3831 cum
238 3781 332 3846 wytt„
358 3791 458 3835 retento
486 3792 569 3836 tamen
596 3783 625 3838 ἐν
653 3783 662 3850 ΙΙ
694 3784 737 3835 “In
762 3781 899 3851 ἐπιτυχὼν
920 3784 1013 3835 vitium
1036 3781 1102 3847 est‚”
1128 3783 1230 3848 Reiske,

162 3850 203 3900 cui
224 3851 362 3901 assentior.
397 3843 542 3920 έπιψήχων
565 3855 620 3920 ipse
643 3855 810 3917 excogitavit,
838 3854 940 3903 obvium
966 3861 1007 3904 est
1030 3848 1163 3916 διατήκων
1184 3855 1228 3903 sed

161 3918 306 3969 sententiae
333 3935 420 3985 parum
448 3930 532 3987 aptum
563 3921 571 3988 ΙΙ
602 3918 637 3979 ὡς
663 3938 709 3989 pro
737 3917 831 3992 ὥσπερ
850 3921 974 3972 EAvat.
988 3922 1041 3972 Pet.
1122 3922 1154 3971 20
1182 3919 1230 3972 οὐκ

163 3980 234 4040 ὀκνῶ
252 3988 274 4036 Α
292 3988 332 4051 (in
351 3994 441 4054 marg.)
460 3990 513 4040 Pet.
534 3986 586 4058 οὐχ
605 3988 660 4058 ὁρῶ
679 3991 773 4057 reliqui
792 4006 877 4041 omnes
947 3990 980 4040 22
1008 3996 1064 4056 post
1081 3982 1230 4045 θάλασσαν

161 4055 255 4106 habent
272 4049 354 4179 εὗηην
372 4058 458 4109 Ambr.
473 4061 490 4109 fl
504 4059 538 4112 V3
556 4068 582 4111 et
600 4059 692 4111 Aldina
757 4061 791 4110 24
808 4055 925 4111 συνόντα
943 4059 1047 4109 Reisko:
1070 4054 1121 4109 σὺν
1138 4062 1195 4116 ταῖς
1214 4057 1227 4129 ΙΙ

162 4114 274 4191 νόμασι.

331 4123 430 4196 xplieit
448 4125 473 4183 V
