2842 4724
173 344 244 399 ηιμ
576 326 833 380 οιωυυυοοοω
1176 328 1238 394 127

173 521 304 598 πάντας
331 520 404 586 οὔτε
431 522 506 598 τοὺς
528 518 646 597 αὐτοὺς
669 519 721 586 ἀεὶ
744 522 940 607 διατίθησιν
963 520 1116 597 ὡσαύτως
1138 515 1160 606 ή
1183 515 1242 587 τοῦ

173 621 362 711 πνεύματος
389 623 541 710 δύναμις,
576 623 646 690 ἀλλ’
673 623 869 710 ὑπέκκαυμα
899 629 1037 710 παρέχει
1061 626 1116 689 καὶ
1139 623 1242 711 ἀρχὴν

174 728 287 814 ὥσπερ
324 734 453 814 εἴρηται
489 739 560 804 τοῖς
597 728 681 810 πρὸς
717 730 754 794 τὸ
791 732 922 795 παθεῖν
954 730 1009 792 καὶ
1043 728 1242 813 μεταβαλεῖν

173 837 304 909 οἰκείως
327 833 469 915 ἔχουσιν.
508 832 577 898 ἔστι
601 832 639 897 δέ
661 837 744 897 θεία
766 831 827 916 μὲν
850 830 951 907 ὄντως
973 831 1029 895 καὶ
1052 825 1239 915 δαιμόνιος,

144 936 213 1004 ιοά
249 934 316 1023 μήν
351 934 563 1012 ἀνέκλειπτος
597 935 670 1002 οὐδ’
705 935 881 1020 ἄφθαρτος
914 933 988 1000 οὐδ’
1022 933 1152 1021 ἀγήρως
1185 937 1239 1000 καὶ
1260 952 1284 1000 D

174 1042 311 1128 διαρκής
333 1043 381 1116 είς
402 1040 461 1106 τδν
483 1039 624 1126 ἄπειρον
645 1041 764 1126 χρόνον
779 1044 803 1120 †
819 1037 873 1124 ὑφ’
889 1035 968 1125 ήνί·
992 1038 1103 1104 πάντα
1126 1037 1241 1124 κάμνει
1343 1104 1345 1108 .

174 1148 216 1212 τά
236 1144 357 1231 μεταξύ
379 1148 438 1229 γής
460 1146 516 1210 καὶ
540 1142 676 1230 σελήνης
698 1142 782 1209 κατά
797 1145 855 1209 τὸν
870 1141 1026 1230 ἡμέτερον
1040 1140 1151 1224 λόγον·
1175 1143 1243 1208 είσὶ

175 1251 208 1315 δ’
246 1247 279 1315 οἳ
315 1249 373 1313 καὶ
408 1249 451 1312 τά
482 1246 595 1314 ε’πάνω
629 1247 811 1333 φάσκοντες
848 1244 907 1328 οὐχ
942 1244 1134 1331 ἀπομένειν,
1173 1245 1241 1312 ἀλλ’

177 1349 377 1416 ἀπαυδῶντα
397 1351 481 1437 πρὸς
495 1351 533 1416 τδ
549 1347 662 1417 ἀίδιον
677 1352 733 1415 καὶ
750 1350 892 1436 άπειρον
906 1355 930 1431 †
946 1349 1037 1426 ὀξέσι
1054 1354 1077 1432 †
1093 1354 1241 1437 χρῆσθαι

134 1483 161 1522 1⁰
177 1454 274 1541 <καί>
297 1456 499 1538 μεταβολαῖς
521 1455 577 1518 καὶ
600 1455 892 1535 παλιγγενεσίαις]

261 1559 310 1622 52.
346 1560 483 1623 ‘'ieter''
506 1558 590 1644 ἔφην
611 1553 676 1639 έγά
697 1557 873 1635 *πολλάκις
894 1555 1241 1624 ἀνασκέπτεσθαικαὶ

171 1660 259 1746 ὑμᾶς
273 1663 456 1747 παρακαλῶ
471 1663 528 1725 καὶ
543 1660 697 1746 ἐμαυτόν,
719 1660 761 1738 ὦς
777 1663 891 1744 ἔχοντα
906 1661 1032 1738 πολλάς
1047 1659 1241 1748 ἀντιλήψεις
1275 1675 1281 1685 ’

173 1767 230 1830 καὶ
261 1764 424 1841 ὑπονοίας
454 1767 538 1849 πρὸς
566 1763 771 1845 τούναντίον,
805 1763 843 1842 ἀς
866 1760 883 1831 δ
908 1765 1019 1849 καιρδς
1042 1763 1080 1831 οὐ
1103 1768 1240 1849 παρέχει

173 1868 286 1945 πάσας
319 1869 531 1944 ἐπεξελθεῖν
566 1865 648 1934 ὥστε
681 1872 737 1934 καὶ
765 1873 868 1934 ταῦτα
894 1868 1108 1955 ὑπερκείσθω
1136 1869 1190 1932 καὶ
1219 1868 1241 1933 ἀ

131 1995 159 2034 ιι
176 1971 351 2050 Φίλιππος
373 1974 532 2060 διαπορεῖ
553 1975 630 2057 περὶ
654 1972 748 2059 ήλίου
771 1973 827 2037 καὶ
845 1970 1071 2048 Ἀπόλλωνος]

259 2217 334 2273 θεὸν
346 2217 455 2275 ἅπαντα
463 2240 510 2290 χρ.
521 2222 616 2286 Ambr„
632 2230 707 2289 atque
725 2223 763 2274 ita
781 2231 886 2289 propter
902 2222 1015 2273 vicinum
1027 2214 1146 2290 άπειρον
1159 2222 1241 2272 ωιΙίιυ

175 2287 189 2356 ΙΙ
215 2285 261 2361 ὑφ’
284 2284 320 2355 ἢν
337 2287 395 2358 (ὑφ’
415 2285 449 2342 δν
466 2290 512 2353 V³)
530 2298 685 2357 corruptum.
721 2287 768 2355 ὑφ’
786 2288 818 2342 οὗ
836 2289 949 2341 Turnebi
966 2290 1066 2342 Reiekii
1084 2291 1240 2357 eliorumque

175 2376 223 2410 ron
240 2367 325 2425 petest
337 2376 425 2410 verum
439 2376 504 2411 esse.
534 2359 644 2426 Requiro
658 2360 682 2412 εἰ
694 2359 718 2424 γ’
731 2357 812 2427 ἐχρῆν
824 2388 856 2396 -
868 2356 984 2427 κάμνειν
998 2361 1039 2411 vel
1053 2360 1109 2413 eim.
1151 2359 1165 2408 i
1184 2365 1242 2425 poet

173 2422 283 2494 σελήνης
300 2428 375 2479 hebet
392 2430 465 2479 Barb.
483 2430 529 2479 καί
546 2419 657 2493 ἀθήνης.
692 2429 787 2479 Nescio
810 2430 875 2478 unde
898 2428 1035 2494 irrepserit
1052 2430 1100 2480 hee
1118 2428 1197 2494 τέρας
1213 2429 1240 2478 in

173 2499 295 2562 optimum
308 2497 420 2548 codicem
467 2500 482 2548 9
496 2494 581 2559 ὀξέσι]
594 2498 773 2548 substituenda
787 2513 838 2548 vox
850 2513 914 2565 quae
927 2497 991 2547 idem
1004 2505 1080 2564 atque
1092 2491 1241 2562 ἀπολήξεσι

173 2567 244 2618 velet
320 2568 349 2616 10
367 2567 413 2616 καὶ
430 2566 529 2616 inserui
601 2568 631 2617 15
650 2567 717 2635 περί
732 2582 759 2616 τε
777 2561 854 2631 ἡλίου
873 2566 959 2617 Αωίιτ.
