2842 4724
178 306 249 357 pm
584 290 836 344 ORACULORUM
1178 295 1241 360 119

179 465 236 530 καὶ
259 465 518 551 προσευχόμεθα
540 471 573 530 τί
596 464 766 542 παθόντες
788 467 846 533 ἐπὶ
868 479 939 544 τοῖς
960 473 1179 554 χρηστηρίοις,
1214 470 1245 535 εί

179 569 322 654 δύναμιν
344 571 403 655 μέν
425 571 461 636 ἐν
482 569 616 648 ἑαυταῖς
639 572 797 657 μαντικὴν
817 570 854 636 αἱ
872 573 979 658 ψυχαὶ
995 572 1200 658 κομίζουσιν,
1224 571 1244 660 ἡ

179 675 217 739 δὲ
238 675 375 740 κινοῦσα
397 672 518 759 ταύτην
540 672 633 760 ἀέρος
655 680 705 751 τίς
728 672 798 740 ἔστι
819 678 935 759 κρᾶσις
949 675 970 762 ἢ
985 675 1184 761 πνεύματος
1207 676 1244 742 αἱ

178 774 216 838 δέ
248 776 313 839 τῶν
345 773 470 858 ἐρίφων
501 772 715 849 καταστάξεις
748 779 780 839 τί
813 775 1003 859 βούλονται,
1037 775 1094 839 καὶ
1126 777 1163 841 τό
1199 776 1242 861 μὴ

149 878 402 962 ιθεμιστεόειν,
438 880 469 942 εί
501 878 544 964 μη
577 878 615 943 τό
650 877 771 962 ἱερεῖον
802 875 878 943 ὅλον
906 879 942 953 ἐξ
970 877 1079 965 ἀκρων
1109 881 1244 964 σφυρόν

178 979 368 1068 ὑπότρομον
397 985 528 1067 γένηται
558 982 613 1045 καί
644 982 818 1071 κραδανθῇ
841 977 1153 1066 κατασπενδόμενον
1159 1013 1170 1062 ,·
1205 980 1284 1050 οάο

176 1087 237 1170 ηὰρ
260 1083 354 1171 ἀρκεῖ
374 1086 411 1150 τὸ
434 1086 607 1150 διασεῖσαι
627 1085 686 1171 την
701 1085 847 1171 κεφαλήν
862 1081 972 1172 ὥσπερ
988 1084 1024 1151 έν
1037 1098 1111 1161 ταῖς
1127 1084 1243 1161 ἀλλαις

178 1192 329 1266 θυσίαις,
358 1186 442 1253 ἀλλὰ
464 1190 550 1253 πᾶσι
573 1189 626 1253 δεῖ
647 1199 718 1264 τοῖς
739 1192 853 1274 μέρεσι
875 1189 934 1254 τόν
955 1187 1058 1254 σόλον
1081 1187 1164 1273 ὁμοῦ
1186 1190 1242 1253 καὶ

177 1292 234 1358 τὸν
256 1291 388 1376 παλμόν
409 1292 607 1373 ἐγγενέσθαι
630 1294 712 1376 μετὰ
733 1292 850 1378 ψόφου
872 1291 1073 1377 τρομώδους·
1100 1291 1157 1358 ἐὰν
1180 1294 1241 1376 γὰρ

135 1423 163 1461 1⁰
178 1396 221 1481 μη
244 1397 341 1461 τοῦτο
363 1400 509 1481 γένηται,
532 1396 570 1461 τό
593 1405 750 1481 μαντεῖον
773 1395 811 1462 οὕ
834 1414 919 1481 φασι
939 1394 1150 1481 χρηματίζειν
1171 1390 1242 1462 οὐδ’

178 1499 347 1580 είσάχουσι
362 1499 422 1585 την
438 1502 585 1565 Πυθίαν.
617 1493 726 1565 καίτοι
741 1501 813 1586 θεῷ
829 1503 889 1584 μὲν
904 1499 932 1585 [ἢ
947 1497 1113 1583 δαίμονος]
1130 1501 1243 1564 αίτίαν

176 1602 235 1687 την
264 1603 423 1687 πλείστην
450 1599 673 1679 ἀνατιθέντας
702 1600 788 1678 είκός
817 1603 888 1667 ἐστι
915 1605 1018 1668 ταῦτα
1046 1614 1159 1667 ποιεῖν
1186 1602 1241 1666 καὶ

175 1704 337 1790 νομίζειν·
361 1703 404 1782 τός
427 1706 464 1770 δέ
487 1706 527 1770 σύ
548 1707 665 1785 λέγεις,
690 1703 747 1771 οὐκ
763 1699 864 1780 εἰκός·
887 1701 983 1790 ἡχάρ
999 1703 1240 1790 ἀναθυμίασις,

176 1809 215 1874 ἄν
236 1833 272 1874 τε
294 1811 435 1894 πτοῆται
458 1809 495 1874 τδ
520 1807 641 1893 ἱερεῖον
664 1808 705 1874 ἀν
725 1832 761 1873 τε
776 1805 836 1895 μή,
860 1811 1015 1892 παροῦσα
1032 1807 1167 1894 ποιήσει
1182 1807 1241 1876 τδν

134 1914 427 1998 ιοένθουσιασμόν
460 1913 516 1977 καὶ
550 1910 712 1999 διαθήσει
742 1914 801 1998 την
827 1913 937 1998 ψυχὴν
965 1909 1090 1997 ὁμοίως
1120 1907 1160 1980 οά
1186 1915 1243 1999 της

181 2021 312 2092 Πυθίας
341 2016 444 2101 μόνον
472 2011 558 2081 ἀλλά
586 2015 647 2081 κάν
668 2018 727 2081 τοῦ
748 2016 902 2097 τυχόντος
924 2011 1053 2102 ἅψηται
1076 2018 1240 2103 σωματος.

175 2117 258 2187 ὅθεν
295 2113 416 2203 εὔηθές
457 2119 528 2184 έστι
564 2123 602 2186 τὸ
640 2122 703 2204 μιᾷ
737 2121 869 2200 γυναικὶ
905 2120 989 2205 πρὸς
1025 2121 1067 2184 τὰ
1102 2133 1242 2206 μαντεῖα
1260 2143 1285 2194 1)

174 2226 339 2311 χρῆσθαι,
377 2225 433 2288 καὶ
469 2222 572 2310 ταότη
610 2229 767 2310 παρέχειν
803 2222 982 2310 πράγματα
1015 2220 1240 2309 φυλάττοντας

175 2326 277 2413 ἄχνην
313 2328 372 2393 διά
407 2332 485 2411 βίου
521 2328 578 2392 καὶ
614 2323 880 2413 καθαρεύουσαν.
934 2324 953 2390 ὁ
989 2328 1051 2413 γὰρ
1083 2327 1240 2414 Κυρητας

132 2454 161 2492 ου
174 2431 312 2510 ἐκεῖνος,
346 2430 384 2498 δν
408 2432 536 2517 Δελφοὶ
559 2432 692 2512 λέγουσι
715 2433 847 2518 πρῶτον
869 2429 1061 2517 ἐμπεσόντα
1083 2434 1139 2519 της
1163 2433 1240 2518 περὶ

173 2535 231 2601 τὸν
259 2533 366 2601 τόπον
391 2533 561 2618 δυνάμεως
589 2538 754 2621 αἴσθησιν
782 2547 979 2619 παρασχεῖν,
1014 2533 1111 2602 οὐδὲν
1143 2539 1239 2621 οἶμαι

174 2639 308 2725 διέφερε
340 2641 406 2704 τῶν
436 2637 543 2704 ἄλλων
575 2637 727 2704 αίπόλων
760 2640 816 2702 καὶ
850 2643 1034 2725 ποιμένων·
1067 2643 1099 2704 εί
1130 2665 1167 2721 χε
1198 2640 1239 2726 δη

172 2745 270 2808 τοῦτο
303 2740 348 2828 μη
381 2742 493 2827 μῦθός
526 2741 597 2807 έστι
627 2742 712 2828 μηδὲ
742 2740 884 2826 πλόσμα
917 2740 1024 2820 κενόν,
1063 2740 1106 2818 ἀς
1138 2743 1239 2824 ἔγωγε

172 2844 325 2932 ἡγοῦμαι.
382 2847 438 2910 καί
473 2844 685 2931 λυγιζόμενος
722 2847 872 2932 πηλίκων
904 2844 1045 2926 ἀγαθῶν
1077 2846 1168 2911 τουτὶ
1199 2848 1236 2912 τὸ

131 2977 159 3018 ιε
172 2962 328 3036 μαντεῖον
355 2955 464 3017 α’ίτιον
485 2955 600 3032 γέγονε
620 2961 691 3028 τοῖς
707 2946 861 3037 Ἕλλησιν
884 2950 919 3018 ἔν
940 2974 975 3015 τε
997 2950 1159 3034 πολέμοις
1181 2951 1237 3014 καί

172 3060 300 3120 κτίσεσι
337 3052 467 3121 πόλεων
505 3053 541 3120 ἔν
577 3078 612 3119 τε
644 3052 776 3138 λοιμοῖς
808 3055 865 3118 καί
895 3055 1033 3141 καρπόν
1065 3052 1236 3141 ἀφορίαις,

258 3369 271 3421 1
298 3359 438 3428 παθόντες
464 3370 537 3421 Barb
556 3368 656 3420 Ambra
690 3357 828 3437 μαθόντες
854 3367 892 3430 (ίιι
918 3369 937 3418 Β
963 3383 987 3420 π
1015 3382 1092 3435 supra
1117 3371 1150 3436 μ)
1178 3369 1236 3420 rell.

171 3440 188 3491 4
222 3436 326 3519 ἐρίφων
355 3438 462 3520 ευτίρεί·
479 3438 538 3489 coll.
565 3454 589 3505 p.
618 3438 680 3502 123,
706 3437 751 3488 23·
787 3435 892 3509 ίερίδοιν
920 3435 1037 3508 (ἱερείων
1062 3437 1098 3498 Ε)
1129 3437 1191 3489 libri
1220 3434 1233 3506 ΙΙ

169 3499 345 3566 καταστάξεις
370 3508 475 3587 scripsi:
503 3504 690 3627 καταστάσειςέ
708 3506 778 3557 libri.
814 3507 1005 3562 κατασπείσεις
1022 3505 1123 3556 Reiske.
1158 3507 1236 3558 Potes

172 3578 248 3628 etium
274 3569 443 3632 καταπόσεις
512 3578 527 3625 5
555 3577 580 3626 εί
603 3574 690 3694 μὴ]θέ
691 3571 767 3642 ἀνμ
768 3572 939 3640 ὴὸιεχιιιοοιι
1009 3574 1024 3624 6
1050 3564 1236 3627 κατασπενδό·

169 3649 294 3714 μ-ενον]
280 3635 401 3697 -δόντων
420 3644 486 3709 conj.
496 3643 589 3695 Reiske
643 3593 784 3726 8μέρεσμι]
799 3645 885 3694 malim
902 3642 997 3711 μέλεσι
1015 3640 1024 3709 u
1041 3639 1132 3694 παίὸν
1149 3644 1235 3695 Αιιιίιι.

173 3716 201 3766 11
225 3715 282 3797 θεῷ
300 3713 378 3764 Turn.
392 3713 480 3765 Vulca
506 3711 573 3764 θεοῦ
602 3707 659 3794 ll*
642 3732 658 3778 η
684 3711 799 3781 δαίμονι
822 3712 906 3778 iidem,
933 3713 978 3763 εεδ
1001 3711 1080 3762 malui
1102 3712 1235 3763 secludere

172 3783 203 3833 12
233 3779 355 3843 ἀνατιθ]
383 3775 448 3832 ἀνευ
473 3786 528 3832 τιθ.
547 3781 564 3830 Β
591 3775 717 3842 (ἀνατιθ.
740 3796 789 3831 sec
813 3796 844 3832 m.
868 3781 893 3831 in
920 3784 1011 3845 marg.)
1038 3780 1165 3831 AEVat.
1179 3780 1233 3832 Pet.

173 3852 204 3903 14
231 3849 346 3914 πτοῆται
368 3850 504 3902 Meziriac.
529 3848 641 3914 ποιῆται
671 3849 680 3917 ΙΙ
714 3842 823 3913 ποιήσει
846 3850 918 3901 Barb
937 3851 964 3910 (ε
986 3864 1036 3899 εει.
1056 3863 1088 3902 ιι.
1107 3850 1132 3900 in
1156 3864 1235 3910 marg

170 3920 293 3983 additum)
310 3919 396 3970 Αιιιίιι.
432 3920 509 3970 ποιεῖ
523 3918 647 3970 BEVat
682 3918 811 4000 πριῇδ1
800 3918 859 3969 1Α.
895 3919 985 3971 ποιεῖν
1003 3917 1057 3968 Pet.
1129 3919 1159 3970 16
1184 3915 1236 3969 κάν
1342 3980 1345 3983 ¹

169 3989 218 4039 τοῦ
234 3992 265 4050 τ.]
283 3990 330 4039 καί
346 3988 427 4038 τοῦτ.
442 3983 476 4038 ἀν
489 3988 574 4039 Αιιιίιι.
630 3988 660 4038 19
678 3983 724 4039 διὰ
741 3988 812 4051 βίου]
824 3985 869 4037 δια
869 3988 959 4069 μένην
968 3987 1053 4037 Αωίιτ.
1107 3986 1138 4037 13
1157 3986 1235 4039 τοῦτο

171 4057 251 4108 σοιΕ
321 4057 354 4106 14
379 4057 425 4108 καί
453 4074 500 4109 σοι.
514 4055 669 4109 BEAVnt.
738 4056 771 4106 25
797 4046 852 4124 χέχ
876 4057 932 4112 τοῖς
953 4050 1021 4107 ‘m
1041 4056 1131 4111 αίτιον
1148 4056 1234 4112 Amhr

170 4126 203 4178 26
220 4122 354 4197 ἀπορίαις
372 4127 458 4179 Ambr
