2842 4724
257 278 308 330 XX
684 277 896 328 Pnsnrs'rlo

259 457 305 518 rel
337 476 374 517 ex
405 456 464 517 alio
498 455 587 517 simili
617 456 717 518 codice
739 455 871 516 nondum
894 465 1027 517 correcto
1048 456 1227 537 descriptum
1250 475 1326 517 esse.

257 560 366 623 Centra
394 559 527 640 loquitur
548 559 695 640 scriptura
717 559 816 638 magni
838 560 981 621 momenti
1003 580 1032 640 p.
1049 561 1135 632 ἵ2,2
1159 561 1237 635 iride
1258 561 1327 622 adn.

257 664 294 726 ad
327 664 374 738 l.);
407 674 509 725 conua
541 663 673 743 loquitur
705 681 823 724 summa
855 682 923 724 cum
954 662 990 722 l'⁸
1023 665 1214 742 respuentis
1247 665 1329 743 (ride

258 765 1328 841 60‚23:61‚1:65,11:66‚2t:68,1:69‚1:69‚4:73,18

260 869 1006 949 :74‚5:83‚15:84,13:85‚12:85:22).

344 974 456 1037 Collato
492 993 560 1036 eum
595 974 790 1036 Ambrosiano
827 975 994 1053 fragmento
1030 974 1193 1054 posteriore
1226 975 1330 1037 l'eneti

259 1080 301 1158 (p.
319 1077 389 1150 120,
405 1076 447 1140 20
470 1097 562 1158 usque
584 1079 621 1139 ad
642 1078 751 1139 calcem
766 1077 869 1151 libelli)
885 1077 972 1158 longe
991 1078 1077 1139 aliter
1092 1097 1156 1139 rem
1172 1097 1204 1139 se
1219 1079 1329 1140 babere

259 1181 456 1243 confiteberis.
493 1182 570 1242 Raro
593 1181 642 1242 bie
663 1200 731 1242 eum
747 1181 785 1240 V⁸
800 1183 948 1243 consentit
964 1182 1186 1247 Ambrosianus,
1210 1183 1330 1263 saepius

259 1296 357 1348 autem
380 1295 469 1366 atque
490 1287 522 1347 in
539 1285 773 1347 mendosissimis
788 1304 855 1347 cum
872 1285 908 1345 Ψ
923 1285 1008 1347 llarb.
1045 1285 1183 1366 Proprias
1198 1286 1329 1366 scriptu·

259 1409 308 1451 ras
330 1391 380 1468 (ex
403 1408 507 1469 magna
529 1400 612 1470 parte
635 1390 804 1464 mendosas)
826 1390 935 1450 multas
957 1390 1055 1463 babet,
1084 1390 1230 1471 adscripta
1260 1409 1327 1452 eum

260 1493 474 1555 Vcommunia
496 1494 586 1555 nullu.
631 1492 812 1572 Coujecerim
835 1494 965 1555 codicem
989 1494 1142 1563 venetum,
1168 1513 1227 1574 quo
1250 1504 1328 1555 tem·

260 1617 331 1678 pore
351 1597 419 1663 suh
432 1597 525 1659 cerdis
540 1597 654 1658 scribae
668 1598 776 1659 codicis
791 1597 977 1659 Ambrosiani
993 1598 1050 1674 (uel
1066 1599 1090 1659 si
1107 1597 1198 1659 mauis
1214 1597 1330 1659 scribae

260 1700 410 1782 archetypi
430 1700 538 1762 codicis
554 1699 669 1778 Ambr.)
685 1711 756 1775 erat,
779 1702 856 1762 loliis
872 1702 981 1780 quibus
995 1720 1076 1763 nunc
1090 1710 1170 1763 caret
1184 1702 1330 1776 caruisse3

261 1804 363 1877 istum,
386 1803 475 1865 simul
496 1821 530 1864 ac
544 1804 713 1884 pervenerit
733 1805 770 1866 ad
791 1805 888 1867 locum
912 1805 963 1866 ubi
985 1806 1082 1867 deficit
1096 1807 1188 1868 codex
1199 1807 1329 1867 Venetus

262 1912 305 1988 (p.
321 1906 372 1979 85,
388 1906 452 1985 24),
476 1907 532 1968 boc
553 1907 685 1989 projecto
707 1908 796 1970 alium
820 1909 950 1970 codicem
966 1910 1019 1988 qui
1032 1909 1162 1971 libellum
1178 1910 1330 1990 integrum

262 2011 427 2073 contineret
448 2011 637 2091 quaesivisse,
670 2013 884 2092 inuentumque
917 2013 1114 2094 exscripsisse
1161 2013 1331 2094 Scripturas

261 2115 353 2194 igitur
372 2114 559 2176 Ambrosiani
592 2115 661 2176 inde
693 2116 730 2176 ab
759 2136 789 2196 p.
806 2116 856 2190 85,
872 2116 913 2177 24
943 2117 1020 2179 baud
1042 2118 1241 2197 aspernandus
1263 2136 1330 2179 esse

262 2236 377 2281 censeo.
422 2218 520 2280 Codex
553 2238 622 2280 vero
644 2218 796 2282 Palatinus
829 2239 882 2300 per
910 2230 1006 2282 totum
1037 2221 1168 2282 libellum
1199 2241 1236 2283 ex
1257 2222 1332 2282 dm·

264 2321 401 2383 brosiano
424 2322 553 2400 pendere
575 2321 699 2384 ridetur.

348 2424 390 2486 lle
415 2425 597 2504 reliquorum
626 2426 759 2488 codicum
786 2425 818 2487 in
846 2427 902 2488 boc
926 2427 1024 2488 libello
1050 2430 1226 2490 auctoritate
1248 2429 1330 2507 quod

264 2528 389 2590 sentiam
412 2527 514 2609 paucis
536 2547 681 2608 exponere
695 2547 828 2611 possum,
851 2549 919 2592 cum
943 2531 1017 2591 ratio
1033 2550 1135 2593 eorum
1151 2533 1212 2592 fere
1227 2531 1330 2593 eadem

264 2631 304 2693 sit
325 2641 413 2711 atque
435 2631 466 2693 iu
489 2632 600 2713 scripto
621 2632 672 2696 68.

350 2735 373 2796 1.
407 2736 556 2798 Codices
589 2756 657 2798 non
689 2737 912 2818 interpolati.
956 2735 997 2798 lle
1030 2739 1185 2819 scripturis
1218 2738 1332 2819 primae

267 2858 373 2902 manus
395 2840 504 2901 codicis
523 2838 547 2899 F
569 2840 652 2914 nihil,
674 2849 708 2902 ut
730 2850 797 2903 ante
820 2841 880 2903 dixi
901 2840 944 2921 (p.
960 2842 997 2917 X)
1020 2852 1204 2923 compertum
1227 2842 1331 2904 babeo.

267 2943 405 3006 Codicum
429 2943 489 3005 DV
512 2944 663 3024 complura
686 2946 793 3007 desunt
813 2945 890 3007 folia.
933 2947 990 3008 Sed
1013 2949 1126 3025 integer
1147 2955 1193 3008 est
1215 2946 1331 3008 libellus

266 3047 296 3108 iu
320 3047 419 3108 codiee
441 3046 600 3109 Barberino
623 3047 786 3110 arctissime
809 3049 924 3111 cumll
952 3051 1136 3112 cohaerente.
1179 3051 1208 3111 Is
1241 3051 1329 3112 etiam

267 3153 358 3214 codex
391 3152 469 3214 uude
502 3152 611 3233 pendet
632 3152 845 3214 Ambrosianus
879 3153 910 3214 in
943 3155 1106 3234 posteriore
1138 3164 1220 3236 parte
1242 3154 1332 3215 libelli

267 3257 364 3318 locum
387 3256 465 3317 inter
489 3256 603 3318 codices
625 3256 755 3318 sinceros
776 3257 908 3336 habet1).

351 3361 386 3420 ΙΙ.
424 3359 589 3428 Codicum
635 3359 940 3440 interpolatorum
981 3361 1118 3422 familia
1155 3361 1176 3422 l.
1237 3362 1334 3424 luter-

268 3463 503 3544 polamentorum
537 3464 669 3543 exempla
702 3464 773 3525 haec
806 3473 877 3525 sunt
904 3465 954 3539 67,
972 3465 1102 3539 16:68,
1119 3465 1158 3527 23
1176 3485 1182 3526 :
1200 3466 1250 3539 70,
1268 3465 1333 3527 20:

269 3566 1333 3642 722:73,3:73,15:77,20:78,26:79,5:84,2:84,17

269 3669 352 3744 :87,
371 3671 408 3732 10
432 3689 439 3730 :
464 3671 590 3744 10010
613 3691 620 3730 :
646 3671 716 3744 101,
739 3671 780 3733 29
803 3693 810 3734 :
836 3671 940 3746 102,1
967 3691 974 3732 :
1003 3672 1070 3745 104,
1092 3671 1111 3731 2
1135 3693 1142 3732 :
1168 3671 1238 3746 104,
1259 3671 1296 3732 21
1326 3693 1334 3733 :

271 3775 395 3848 107,11
422 3793 429 3834 :
454 3775 522 3848 107,
539 3773 579 3835 20
603 3793 610 3834 :
637 3774 763 3848 116,13
787 3794 794 3835 :
822 3774 889 3849 124,
910 3774 949 3837 23
974 3795 981 3835 :
1006 3775 1076 3850 125,
1097 3775 1137 3837 24
1161 3796 1168 3836 2
1195 3775 1333 3850 12011.

332 3943 524 3956 “mmm-t

344 4046 364 4110 ¹)
383 4046 498 4112 Propriis
525 4046 746 4112 interpolamentis
772 4047 874 4098 minime
901 4053 991 4097 carent
1007 4046 1027 4096 D
1041 4045 1211 4097 Burbilmbr.
1246 4043 1274 4095 ln
1301 4061 1334 4099 et

269 4123 341 4181 parte
358 4114 440 4167 libelli
459 4116 502 4166 ubi
516 4116 589 4166 deest
600 4116 677 4166 codex
690 4115 800 4166 omnium
813 4116 1001 4166 sincerissimus
1014 4114 1047 4168 V1
1061 4122 1135 4166 conte
1148 4115 1270 4179 agendum
1282 4121 1333 4169 est.
