2842 4724
169 320 241 373 pue
577 304 831 359 osucuuouuu
1174 298 1235 373 111

166 481 234 547 οἶδ’
270 469 384 546 ῦντινα
413 480 540 566 τρόπον
572 478 881 568 ἀντιλαμβανομένη
913 494 984 558 τοῖς
1014 482 1058 568 μη
1089 487 1236 568 παροῦσι

166 586 359 670 φαντασίαν
381 585 436 648 καί
461 581 579 651 οῦσίαν
599 589 826 671 περιτίθησιν.
860 583 955 671 ὁμὲν
969 585 1032 672 γάρ
1049 587 1237 663 Θεσσαλοῖς

166 689 245 772 περὶ
261 685 378 774 Ἄρνης
402 686 519 763 δοθεὶς
541 688 687 781 χρησμός
709 688 836 755 ἐκέλευε
858 687 998 775 φράζειν

369 808 501 894 ιιιωφοῦ
522 811 553 873 τ’
576 806 678 895 ἀκοην
699 808 842 895 τυφλοῖό
863 831 900 874 τε
922 809 1050 895 δέρξιν,’

138 925 185 1017 εὴ
209 931 247 996 δὲ
269 930 379 1016 μνήμη
403 932 459 995 καὶ
482 933 603 1016 κωφῶν
619 928 823 1016 πραγμάτων
838 928 919 1016 ἀκοὴ
935 929 991 995 καί
1006 931 1139 1017 τυφλῶν
1153 930 1236 1016 ὄψις

165 1033 247 1121 ἡμῖν
279 1034 380 1099 έστιν.
426 1031 520 1111 ὅθεν,
557 1031 599 1109 ῶς
632 1033 728 1120 ἔφην,
764 1031 822 1100 οῦκ
855 1034 925 1099 ἔστι
960 1033 1170 1120 θαυμαστόν,
1206 1038 1237 1099 εί

164 1139 332 1222 κρατοῦσα
367 1139 434 1204 τῶν
469 1139 582 1222 μηκέτ’
621 1135 725 1204 ὄντων
762 1137 991 1223 προλαμβάνει
1028 1138 1141 1203 πολλὰ
1171 1142 1236 1203 τῶν

164 1242 305 1328 μηδέπω
328 1237 525 1322 γεγονότων·
547 1244 650 1306 ταῦτα
671 1239 736 1326 γάρ
759 1239 841 1330 αῦτη
861 1239 987 1325 μᾶλλον
1001 1236 1164 1328 προσήκει
1179 1245 1236 1306 καὶ

163 1343 295 1420 τούτοις
318 1343 501 1430 συμπαθής
523 1343 608 1409 ἐστι·
636 1345 693 1409 καὶ
715 1344 777 1429 γάρ
801 1344 1018 1428 ἐπιβάλλεται
1040 1345 1095 1410 καὶ
1119 1350 1236 1429 προτί-

125 1477 150 1515 10
165 1454 267 1513 θεται
301 1446 386 1529 πρός
415 1446 458 1512 τά
488 1446 651 1532 μέλλοντα
684 1448 740 1512 καὶ
774 1451 1022 1534 παρῳχημένων
1055 1448 1112 1512 καὶ
1144 1449 1237 1524 τέλος

164 1546 307 1633 ἐχόντων
330 1547 540 1636 ἀπήλλακται
564 1549 651 1637 πλην
672 1550 731 1615 τοῦ
753 1548 988 1636 μνημονεύειν)

250 1659 302 1719 40.
337 1652 485 1740 ιΤαύτην
522 1645 582 1721 οῦν
619 1653 753 1736 ἔχουσαι
790 1654 849 1741 την
882 1652 1024 1739 δόναμιν
1056 1653 1093 1719 αἶ
1127 1654 1276 1741 ψυχαὶο

163 1755 337 1844 σύμφυτον
359 1758 420 1843 μὲν
443 1755 594 1844 ἀμυδρὰν
616 1759 654 1822 δὲ
676 1759 733 1821 καὶ
748 1755 1013 1843 δυσφάνταστον,
1037 1755 1127 1842 ὅμως
1142 1757 1232 1832 ἐξαν-

163 1865 267 1928 θοῦσι
290 1861 454 1936 πολλάκις
477 1861 532 1925 καὶ
556 1858 849 1944 ἀναλαμβάνουσιν
872 1860 907 1926 ἔν
928 1885 964 1926 τε
978 1871 1049 1936 τοῖς
1064 1861 1234 1936 ἐνυπνίοις

123 1966 221 2033 τεκαὶ
255 1967 332 2051 περὶ
367 1966 425 2040 τὰς
455 1963 606 2039 τελευτάς
637 1964 738 2042 ἔνιαι,
773 1966 927 2051 καθαροῦ
953 1968 1148 2050 γιγνομένου
1175 1967 1234 2029 τοῦ

163 2066 318 2155 σώματος
340 2093 360 2154 η
383 2092 457 2132 τινα
480 2070 599 2153 κρᾶσιν
622 2070 749 2134 οἰκείαν
772 2068 857 2154 πρὸς
876 2071 972 2133 τοῦτο
992 2068 1232 2153 λαμβάνοντος,

163 2171 183 2258 ἢ
214 2171 300 2258 (ege)
332 2171 369 2236 τό
403 2170 595 2252 λογιστικόν
628 2172 683 2235 καὶ
717 2169 951 2257 φροντιοτικδν
984 2169 1144 2237 ἀνίεσθαι
1177 2173 1233 2236 καὶ

163 2273 381 2341 ἀπολύεσθαι
395 2278 460 2340 τῶν
475 2272 650 2359 παρόντων
664 2274 751 2362 <τῷ>
764 2269 876 2361 ἀλόγῳ
892 2275 948 2340 καὶ
961 2278 1233 2362 φαντασιαστικῷ

162 2379 222 2444 τοῦ
243 2377 420 2463 μέλλοντος
442 2373 734 2464 ἐπιστρεφόμεναι.
774 2376 811 2444 οῦ
833 2376 908 2464 γάρ,
937 2373 983 2454 ῶς
1006 2377 1023 2444 ὁ
1047 2377 1233 2464 Εὐριπίδης

124 2509 149 2547 uo
163 2486 262 2568 φησί,
290 2498 424 2553 (Μίὸῖί)

351 2566 481 2652 ιμάντις
504 2565 638 2651 ἄριστος
660 2561 751 2641 ὅστις
774 2564 897 2641 εἰκάζει
920 2567 1045 2643 καλῶς*

163 2688 232 2755 ἀλλ’
265 2682 360 2764 οὗτος
393 2687 528 2774 ἔμφρων
560 2689 622 2771 μὲν
654 2684 738 2773 ἀνὴρ
772 2689 828 2751 καὶ
861 2690 907 2776 τῷ
936 2691 1015 2754 νοῦν
1042 2688 1149 2769 ἔχοντι
1176 2691 1233 2774 τῆς

162 2795 272 2879 ψυχῆς
294 2794 351 2856 καὶ
373 2793 445 2878 μετ’
471 2789 596 2867 εἰκότος
618 2790 787 2877 ἡγουμένη
803 2793 882 2856 καθ’
899 2789 980 2857 ὁδὸν
995 2789 1169 2876 ἑπόμενος,
1193 2789 1230 2857 τό

163 2895 200 2961 δὲ
221 2892 383 2981 μαντικόν
406 2892 518 2980 ῶσπερ
540 2906 767 2979 γραμματεῖον
789 2893 943 2981 ἄγραφον
962 2895 1018 2958 καὶ
1039 2893 1162 2974 ἄλογον
1176 2895 1233 2958 καὶ
1253 2904 1276 2952 D

248 3171 263 3221 2
288 3159 438 3240 φάντασμα
456 3169 611 3222 ΒΕΑνεῐ.
623 3168 676 3220 Pet.
747 3163 871 3238 δ’Άρνης
888 3168 1036 3220 Turnebus:
1062 3162 1144 3234 άννης
1168 3168 1231 3219 libri

163 3241 177 3289 5
199 3239 246 3291 καὶ
268 3237 379 3307 τυφλῶν
400 3234 465 3305 ὄψις
485 3238 532 3289 καὶ
552 3255 575 3288 κ.
594 3253 641 3309 πρ.
660 3231 728 3303 ἀκοὴ
748 3239 836 3289 Ambe.
917 3238 933 3287 9
956 3254 978 3288 π
996 3238 1122 3300 οτίθεται]
1146 3238 1231 3287 uelim

161 3311 317 3376 προπίπτει
388 3307 418 3358 12
443 3307 474 3357 αί
495 3307 572 3358 hebet
592 3322 658 3357 uuus
680 3308 698 3356 B
768 3305 799 3356 13
823 3302 950 3390 ἀμυδρὰν
971 3254 1001 3358 ἀλ
1023 3306 1079 3367 καί]
1102 3307 1139 3357 ite
1157 3306 1230 3356 Berb.

163 3376 248 3427 Ambr.
283 3377 330 3426 καί
355 3369 488 3446 ἀμυδρὰν
511 3376 558 3426 καί
575 3375 632 3425 BE.
668 3374 714 3425 καὶ
740 3367 868 3441 ἀμυδρον
893 3375 940 3425 καί
966 3376 1023 3425 rell.
1049 3377 1087 3436 (ut
1117 3375 1230 3438 videtur)

164 3446 196 3496 14
218 3441 431 3512 ἀναλάμπουσιν
447 3444 612 3496 'ruruVule
641 3441 650 3510 ΙΙ
680 3445 737 3499 τοῖς
757 3437 855 3499 ῦπνοις
877 3444 895 3491 Β
968 3445 996 3494 15
1019 3439 1140 3500 τελευτὰς
1157 3443 1231 3493 Bsrb.

163 3512 250 3565 Ambe.
285 3508 392 3569 τελετάς
409 3512 467 3563 rell.
493 3510 502 3578 ss
532 3511 600 3563 ἔνιοι
618 3511 705 3562 Ambe.
772 3512 802 3563 17
821 3512 858 3578 τῷ
876 3511 1079 3576 assumpserim
1145 3511 1175 3561 18
1193 3511 1231 3578 τῷ

163 3583 219 3633 εδδ.
233 3581 318 3649 Wytt.
350 3580 359 3648 u
389 3580 571 3651 φροντιστικῷ
591 3595 637 3647 pru
656 3577 879 3648 φαντασιαστικῷ
896 3580 982 3631 Ambe.
1019 3579 1231 3648 φανταστικῷΒ

166 3651 195 3701 19
222 3644 456 3718 ἐπιστρεφόμεναι
479 3649 564 3716 Wytt.
603 3647 809 3718 ἐπιστρέφομεν
835 3664 889 3698 eum
918 3648 1038 3699 lseuuule
1064 3649 1094 3698 Ε.
1133 3651 1232 3716 -μένας

163 3720 220 3769 rell.
256 3716 351 3769 Nescio
371 3718 431 3784 quid
449 3719 532 3768 miuus
552 3717 636 3783 pleeet
654 3717 678 3766 iu
698 3718 736 3766 his
755 3732 818 3782 quse
837 3717 904 3768 dedi.
934 3717 1070 3767 Dicendum
1089 3717 1155 3767 enim
1174 3724 1231 3766 esst

162 3787 231 3853 ipses
250 3788 355 3849 suimus,
380 3785 486 3837 remisse
507 3785 679 3836 ratiocinandi
698 3783 830 3847 facultate,
854 3786 993 3850 superstite
1011 3801 1075 3837 vere
1095 3786 1137 3836 vel
1155 3790 1230 3834 auctu

162 3855 327 3919 imaginandi,
346 3855 453 3906 liberari
471 3871 484 3905 ο
505 3853 693 3921 praesentibus,
711 3869 805 3919 perque
823 3851 911 3904 future
929 3853 1037 3918 spatiari
1064 3851 1073 3920 ss
1103 3848 1118 3904 ὁ
1137 3853 1231 3903 hubent

162 3924 212 3974 seli
232 3922 436 3975 susumus?
507 3923 539 3972 22
567 3921 679 3992 ἔμφρων
700 3921 752 3989 μὲν
770 3921 904 3972 Muziriee:
932 3918 1066 3992 ὁμόφρων
1087 3921 1139 3989 μὲν
1160 3921 1229 3971 libri.

163 3992 264 4043 Duobus
288 3992 389 4059 punctis
407 4007 484 4059 supra
502 3992 550 4042 hoe
567 3991 620 4058 μὲν
638 3991 729 4057 positis
747 3991 857 4041 alterum
874 3990 926 4057 μὲν
944 3998 1003 4040 aute
1022 3985 1156 4060 ὁμόφρονν
1173 3990 1230 4040 εδδ.

163 4076 213 4141 see.
226 4061 344 4179 uABsEb.
381 4059 550 4113 {nveneestne
569 4067 743 4111 surrecturum
761 4058 795 4125 ἐμ
812 4060 837 4108 iu
857 4057 927 4110 fonte
945 4063 1008 4109 suo?
1073 4059 1105 4108 23
1125 4073 1230 4126 μετεοι-

162 4145 244 4186 κοτως
285 4146 307 4179 m
326 4145 347 4179 r.
