2872 4710
190 282 214 321 p.
222 272 263 310 ιιι
594 259 849 314 ORACULOBUM
1217 270 1257 334 71

190 454 257 497 νων
267 430 411 516 στόμασι
427 432 482 496 καὶ
493 444 623 518 φωναῖς
634 435 803 520 χριόμενον
814 434 969 521 ὀργάνοις
981 440 1045 484 *b*
1056 446 1259 526 καταμιγνὺς

190 530 426 618 ἀνθρωπίναις
453 541 580 618 χρείαις
610 535 649 604 οό
680 540 832 624 φείδεται
861 544 919 627 τῆς
948 539 1150 630 σεμνότητος
1181 545 1259 613 οόδέ

189 649 283 723 τηρεί
303 639 341 703 τὸ
363 634 496 723 ἀξίωμα
518 641 575 703 καὶ
596 641 634 705 τὸ
655 644 800 724 μέγεθος
823 640 912 731 αύτῷ
933 648 990 726 τῆς
1013 644 1150 733 ἀρετῆς.’

277 745 326 805 10.
363 743 430 806 Καὶ
449 740 795 813 όΚΔΕΟΜΒΡΟΤΟΣ
814 745 937 832 ιὀρθιός
951 749 1070 834 λέγεις·
1094 746 1165 816 ἀλλ’
1181 749 1258 818 έπεί

160 844 226 910 and
255 842 371 928 λαβεῖν
401 847 458 910 καὶ
488 847 651 932 διορίσαι,
685 852 756 926 πῶς
783 855 940 937 χρηστέον
961 853 1018 917 καὶ
1040 858 1135 939 μέχρι
1157 860 1258 923 τίνων

188 950 230 1036 τῇ
243 953 401 1035 προνοίᾳ,
423 951 582 1031 χαλεπόν,
607 951 640 1017 οἳ
661 957 722 1038 μέν
744 951 878 1032 οὐδενὸς
900 952 1016 1032 ἀπλοίς
1037 957 1096 1024 τόν
1117 961 1201 1026 θεόν
1223 959 1298 1026 οί1Ί

188 1053 227 1117 δὲ
256 1050 341 1137 όμοῦ
365 1079 399 1118 τι
426 1055 562 1122 πάντων
583 1060 694 1123 αἴτιον
715 1060 891 1135 ποιοῦντες
913 1057 1094 1142 ἀστοχοῦσι
1116 1065 1174 1128 τοῦ
1196 1085 1256 1147 με-

187 1162 281 1239 τρίου
303 1159 359 1222 καὶ
381 1163 578 1244 πρέποντος.
612 1157 649 1227 εὖ
667 1158 729 1246 μέν
749 1158 808 1228 οὖν
822 1161 955 1244 λέγουσι
972 1167 1028 1229 καὶ
1044 1164 1077 1231 οί
1092 1167 1255 1248 λέγοντες,

187 1258 241 1327 ὅτι
268 1261 407 1329 Πλάτων
431 1263 470 1329 τό
496 1275 570 1340 ταῖς
595 1269 814 1350 γεννωμέναις
835 1266 1016 1354 ποιότησιν
1037 1265 1257 1356 ἀποκείμενον

145 1381 173 1422 1⁰
188 1377 354 1447 στοιχεῖον
382 1366 534 1452 έξεοριόν,
565 1365 583 1434 ὀ
605 1367 665 1435 νύν
686 1366 767 1455 ύλην
789 1369 961 1449 καλοῦσιν,
992 1373 1127 1440 πολλιόν
1148 1371 1258 1460 ἀπήλ-

187 1469 265 1544 λαξε
297 1470 354 1534 καί
386 1469 539 1556 μεγάλων
572 1469 724 1557 ἀποριῶν
751 1474 827 1550 τούς
854 1471 1078 1560 φιλοσόφους·
1109 1472 1184 1560 έμοὶ
1218 1478 1256 1543 δὲ
1272 1488 1325 1543 415

187 1573 324 1638 δοκοῦσι
351 1574 510 1651 πλείονας
532 1574 631 1641 λύσαι
654 1577 710 1641 καί
732 1577 887 1661 μείζονας
909 1575 1054 1663 ἀπορίας
1076 1578 1110 1644 οἳ
1131 1580 1169 1645 τό
1191 1582 1257 1647 τοίν

187 1675 357 1762 δαιμόνων
386 1682 480 1760 γένος
513 1679 548 1745 έν
573 1683 664 1767 μέσῳ
688 1683 778 1747 θεῶν
801 1679 881 1767 <ὀν>
904 1683 961 1746 καί
983 1677 1178 1768 ἀνθρώπων
1199 1684 1257 1749 καὶ

186 1780 314 1867 τρόπον
340 1783 415 1850 τινά
440 1783 500 1869 την
525 1788 702 1850 κοινωνίαν
728 1783 820 1871 ἡμῶν
843 1784 985 1870 συνάγον
1007 1788 1054 1863 είς
1075 1783 1174 1852 ταότδ
1198 1788 1256 1851 καὶ

143 1903 171 1944 1ο
187 1886 357 1954 συνάπτον
389 1884 586 1974 ἐξευρόντες·
620 1891 687 1965 εἴτε
709 1888 824 1973 μάγων
845 1892 911 1955 τῶν
934 1890 1013 1975 περὶ
1036 1890 1257 1976 Ζωροάστρην

186 1988 206 2056 δ
241 1989 338 2071 λόγος
374 1985 469 2068 οὗτός
505 1991 614 2070 ἔστιν,
652 1996 719 2057 εἴτε
753 1990 898 2078 Θρᾴκιος
930 1990 989 2059 ἀπ’
1017 1991 1161 2080 Ὀρφέως
1196 1995 1255 2060 εἴτ’

189 2093 379 2176 Αἰγύπτιος
401 2094 421 2182 ἢ
445 2095 601 2182 Φρύγιος,
630 2094 673 2173 ιός
698 2095 951 2183 τεκμαιρόμεθα
972 2108 1047 2173 ταῖς
1069 2096 1256 2183 ἑκατέρωθι

185 2199 331 2276 τελεταῖς
364 2196 616 2285 ἀναμεμιγμένα
637 2194 759 2267 Ιπολλοὶ
785 2201 898 2287 θνητά
924 2201 981 2265 καί
1009 2203 1165 2286 πένθιμα
1192 2202 1256 2269 τόν

185 2301 432 2389 ὀργιαζομένων
453 2304 510 2368 καὶ
532 2304 710 2389 δρωμένων
732 2302 830 2391 ίεριόν
851 2302 998 2389 δρῶντες.
1033 2302 1196 2391 Ἑλλήνων
1216 2305 1256 2370 δὲ

141 2403 319 2493 έθὈμηρος
351 2407 412 2492 μὲν
445 2405 494 2472 ἔτι
527 2412 686 2494 φαίνεται
715 2409 832 2485 κοινιός
861 2402 1063 2494 ἀμφοτέροις
1091 2408 1256 2494 χριόμενος

183 2523 256 2588 τοῖς
278 2504 422 2596 ὀνόμασι
444 2511 501 2576 καί
523 2511 600 2586 τούς
621 2511 724 2588 θεούς
746 2511 839 2578 ἔστιν
860 2509 915 2577 ὅτε
938 2512 1102 2597 δαίμονας
1123 2530 1255 2596 προσα-

183 2614 343 2702 γορεύων·
369 2613 524 2689 Ἡσίοδος
552 2613 591 2679 δὲ
618 2616 777 2696 καθαριός
799 2615 851 2679 καὶ
874 2615 1102 2700 διωρισμένως
1125 2617 1256 2701 πρῶτος

184 2720 322 2806 έξέθηκε
343 2721 409 2786 τῶν
430 2717 571 2800 λογικῶν
592 2720 738 2807 τέσσαρα
758 2721 849 2805 γένη,
873 2719 975 2795 θεούς
997 2721 1070 2785 εἶτα
1091 2720 1255 2805 δαίμονας
1273 2735 1296 2786 B

271 2939 282 2988 1
304 2930 416 3002 σώμασι
433 2949 479 3000 pro
497 2929 616 3002 στόμασι
629 2933 701 2984 Burb.
715 2930 724 2999 11
738 2932 799 2983 Post
815 2921 944 3001 ὀργάνοις
956 2933 1045 2984 leeune
1059 2933 1083 2982 in
1097 2933 1120 2985 V
1132 2931 1176 2997 (90
1188 2932 1254 3001 litt.)

184 3007 257 3058 Bsrb.
272 3004 315 3068 123
327 3005 390 3067 litt.)
404 3002 491 3054 Anubn.
504 3001 549 3062 (23
562 3002 626 3065 litt)
640 3001 693 3052 Pel.
706 3001 749 3064 (20
761 3001 824 3065 litt.)
837 3003 855 3052 B
872 3000 938 3066 (fere
958 2999 1006 3068 ille
1021 3002 1077 3066 liu.)
1089 3002 1110 3053 E
1123 3000 1166 3066 (55
1179 3001 1254 3065 litu).

184 3074 254 3140 Quae
277 3075 370 3124 desunt
396 3077 514 3122 eraserat
536 3069 597 3120 funt
621 3069 678 3136 pius
700 3071 773 3121 humo
798 3071 976 3135 prophetarum
999 3085 1102 3123 suornm
1125 3068 1253 3122 defensor.

183 3143 332 3194 Sententiae
352 3138 517 3191 sntisineiunt
536 3134 567 3205 (ὁ
584 3134 640 3206 γὰρ
657 3135 725 3190 θεὸν
741 3136 1077 3206 έν>καιαμίμνυςΤιιιιιο11
1129 3140 1144 3188 3
1164 3134 1254 3191 αὐτοῖν

182 3213 271 3264 Ambr.
306 3204 373 3262 αὐτὸ
390 3208 413 3259 Α
426 3209 447 3258 E
460 3207 517 3260 van
531 3206 588 3257 Pet.
653 3207 667 3256 7
687 3202 760 3274 ὁμοῦ
777 3223 805 3259 τε
822 3206 876 3258 Pal.
898 3204 907 3272 11
929 3207 1033 3276 μέτρου
1051 3206 1084 3259 V¹
1097 3208 1185 3259 Ambe.
1198 3205 1252 3260 Pul.

183 3282 199 3332 8
217 3273 247 3333 εὖ
258 3278 312 3348 μέν
324 3271 374 3329 οὖν
386 3292 463 3343 nsque
476 3278 507 3327 ed
521 3273 727 3344 ἀποκριθέντων
740 3276 773 3342 (p.
784 3276 826 3342 72,
835 3277 861 3338 41
874 3275 937 3325 uitet
950 3274 1075 3326 Eusebius
1086 3275 1129 3327 Pr.
1143 3275 1190 3326 Ev.
1201 3277 1224 3329 V
1235 3277 1253 3328 t

182 3347 196 3419 11
216 3350 342 3416 λέγουσιν
358 3348 404 3397 καὶ
421 3345 448 3397 οἱ
464 3345 518 3396 Pet.
554 3345 681 3412 λέγουσιν
698 3343 727 3395 οί
743 3347 766 3393 Α
822 3346 854 3396 10
872 3340 888 3394 ὀ
906 3343 957 3397 νῦν
974 3338 1040 3409 ὕλην
1056 3342 1196 3408 καλοῦσιν]
1215 3345 1253 3396 its

182 3417 288 3502 scribsi:
305 3410 339 3480 ἦν
356 3408 422 3480 ὕλην
438 3411 571 3466 καλοῦσιν
587 3413 659 3465 οοδδ.
672 3412 785 3465 ΕοεοΙιὶἰ,
813 3408 828 3464 ὁ
840 3413 891 3465 νῦν
901 3403 969 3477 ὕλην
979 3413 1026 3464 καί
1038 3405 1122 3481 φύσιν
1135 3412 1168 3466 V¹
1178 3413 1252 3465 berb.

183 3483 198 3537 ὁ
218 3488 264 3547 (ον
280 3485 379 3548 Ambn.)
394 3483 446 3535 νῦν
463 3477 529 3547 ὕλην
545 3483 592 3534 καὶ
609 3476 695 3550 φύσιν
712 3482 842 3534 καλοῦσιν
860 3480 918 3531 nell·
987 3481 1018 3531 12
1036 3483 1148 3538 uitione
1166 3483 1252 3533 bmbn.

185 3554 216 3607 13
238 3549 416 3622 μαινομένων
434 3567 479 3618 pru
497 3545 636 3620 δαιμόνων
659 3551 725 3601 idem
755 3548 764 3617 11
795 3544 829 3603 dv
845 3549 956 3613 inserui3
983 3560 1042 3617 post
1059 3546 1141 3620 ἀνθρ.
1159 3552 1253 3603 hebent

182 3623 275 3680 θέντες
294 3620 485 3672 noddEusebii
547 3619 580 3669 14
597 3615 724 3686 όμῶνθί
742 3619 796 3670 Pet.
860 3619 890 3668 15
908 3618 962 3669 τῶν
978 3633 1009 3669 τε
1026 3619 1167 3688 περὶΕΑ.
1198 3619 1254 3672 τῶν

181 3707 214 3758 γε
231 3691 365 3743 n.EVat.
378 3690 434 3741 Pet.
516 3688 546 3741 17
567 3682 637 3739 ὥστε
655 3685 873 3739 1s2.Annbr.Pul.
910 3732 913 3737 .
955 3687 987 3740 18
1005 3684 1094 3738 πολλὰ
1113 3687 1251 3740 Eusebius:

181 3755 360 3879 tibitibi
377 3757 469 3877 ἓὲἷίὲῖ
483 3754 1027 3891 ddiiEiibiibfiiddti‘t„i
1044 3758 1252 3889 diditi?

182 3897 263 3964 prime
282 3911 357 3948 mann
374 3896 506 3960 πέντιμαε
534 3911 545 3944 ι
563 3895 645 3944 erasit
662 3896 793 3961 denuoque
811 3894 927 3960 scripsit,
951 3891 1011 3947 τινὰ
1031 3895 1058 3945 iu
1075 3894 1189 3957 margine
1207 3894 1252 3945 ed-

182 3966 250 4016 didit
267 3972 329 4016 tent.
341 3979 373 4015 m.
426 3964 458 4014 20
477 3962 517 4015 ἔτι
529 3964 665 4030 φαίνεται]
685 3964 722 4015 ite
736 3964 756 4015 V
770 3961 1052 4014 Βειί.ι1ιο1ιι.ΡεΙ.Β.
1077 3961 1252 4028 ἐπιφαίνεται

183 4035 255 4085 codd.
268 4033 384 4084 Eusebii.
418 4031 476 4084 ἐστι
496 4033 622 4098 φαίνεται
640 4030 695 4082 Pet.
731 4033 896 4100 εὶςφαίνεται
914 4031 944 4080 Α.
979 4033 1108 4099 φαίνεται
1124 4030 1250 4084 EEVat.

183 4102 216 4153 23
234 4100 367 4170 δαίμονας
385 4099 437 4154 εἷθ’
455 4096 544 4171 ἡρῶας
562 4115 639 4167 usque
658 4100 688 4151 ed
706 4099 801 4167 γένους
817 4101 856 4158 εὶς
871 4099 949 4152 babet
966 4101 1037 4151 solus
1055 4098 1182 4152 Eusebius
