2842 4724
162 297 237 347 pm
569 279 824 332 ORAOULORUM
1169 283 1231 348 105

164 452 281 539 ἀμιγὲς
302 455 359 518 καὶ
382 455 535 541 καθαρὸν
557 451 597 541 ήν
618 455 655 519 τό
679 454 726 533 έν,
755 451 827 520 οὐδ’
850 453 892 522 ἀν
915 450 999 532 όλως
1022 460 1109 540 εἶχεν
1131 455 1150 544 ή
1173 457 1232 545 ὕλη

163 558 356 624 διάστασιν·
391 559 466 624 ἐπεὶ
494 558 532 623 δέ
558 560 604 644 τῷ
626 559 817 646 διαιρετικῷ
839 562 895 646 τής
918 559 1041 638 δυάδος
1063 567 1233 646 μέμικται,
1252 575 1277 624 D

162 663 269 748 τομήν
300 663 361 745 μὲν
393 663 528 738 ἐδέξατο
559 666 614 727 καὶ
647 663 825 750 διαίρεσιν,
858 664 1007 731 ἐνταῦθα
1035 665 1066 729 δ’
1090 666 1167 752 ἔστη
1189 667 1235 753 τῷ

163 769 316 852 περισσῷ
338 769 397 831 τοῦ
420 763 536 852 ἀρτίου
559 768 799 852 κρατηθέντος.’

135 895 149 933 ε
251 871 303 934 36.
337 868 414 934 6Διὸ
438 871 494 933 καὶ
518 870 771 955 πεμπάσασθαι
798 869 837 935 τό
862 868 1053 958 ἀριθμήσαι
1075 884 1146 948 τοῖς
1169 897 1234 938 πα-

163 975 276 1049 λαιοῖς
297 972 379 1048 ἔθος
401 969 441 1058 ἦν
463 971 584 1038 καλεῖν.
623 976 719 1057 οἶμαι
741 975 779 1038 δὲ
802 974 858 1038 καὶ
873 974 915 1039 τά
931 974 1041 1041 πάντα
1055 978 1121 1042 τών
1135 980 1235 1043 πέντε

165 1076 351 1163 παρώνυμα
372 1081 543 1158 γεγονέναι
566 1078 649 1141 κατά
671 1075 783 1158 λόγον,
809 1075 866 1142 ἀτε
886 1079 926 1164 δή
949 1082 1006 1164 τής
1021 1078 1185 1155 πεντάδος
1200 1079 1235 1145 έκ

163 1182 234 1246 τών
252 1176 395 1266 πρώτων
417 1177 575 1266 ἀριθμῶν
590 1181 802 1266 συνεστώσης.
835 1183 891 1247 καὶ
913 1184 976 1267 γάρ
1000 1182 1033 1248 oi
1055 1186 1117 1268 μέν
1139 1182 1235 1250 ἄλλοι

165 1282 539 1369 πολλαπλασιαζόμενοι
580 1284 665 1367 πρὸς
701 1281 861 1370 ἀλλήλους
898 1288 945 1362 είς
982 1290 1091 1371 ἕτερον
1128 1284 1236 1352 αὐτῶν

122 1415 150 1454 ιο
165 1385 316 1472 ἀριθμόν
338 1385 564 1470 ἐκβαίνουσιν·
588 1382 606 1472 ή
630 1386 667 1451 δὲ
690 1386 821 1466 πεντάς,
845 1387 887 1454 ἀν
908 1385 971 1474 μὲν
987 1385 1136 1475 ἀρτιάκις
1152 1390 1235 1475 λαμ·

165 1491 320 1576 βάνηται,
352 1490 411 1557 τόν
443 1491 524 1554 δέκα
557 1501 653 1556 ποιεῖ
684 1489 825 1557 τέλειον·
860 1492 920 1556 ἐὰν
953 1492 990 1557 δέ
1024 1494 1233 1577 περισσάκις,

165 1593 284 1660 ἑαυτὸν
298 1592 402 1660 πάλιν
416 1586 638 1658 ἀποδίδωσιν.
674 1592 717 1658 έώ
739 1595 772 1658 δ’
795 1590 848 1660 ότι
871 1596 984 1681 πρώτη
1007 1597 1068 1680 μέν
1090 1597 1126 1661 έκ
1142 1595 1232 1681 πρώ-

164 1721 232 1763 των
253 1696 346 1763 δυεῖν
366 1696 577 1782 τετραγώνων
599 1700 775 1783 συνέστηκε
796 1699 852 1785 τής
874 1724 909 1763 τε
930 1698 1076 1783 μονάδος
1098 1701 1154 1765 καὶ
1176 1704 1274 1786 τήςΕ

164 1800 322 1886 τετράδος
353 1799 374 1887 ή
404 1800 538 1878 πεντάς,
568 1800 682 1885 πρώτη
712 1801 745 1865 δ’
772 1804 848 1867 ἴσον
877 1801 1041 1888 δυναμένη
1070 1814 1141 1878 τοῖς
1168 1803 1235 1887 πρό

125 1934 151 1972 τε
167 1902 267 1990 αδτής
308 1902 385 1970 δυσὶ
426 1903 464 1969 τό
501 1902 679 1970 κάλλιστον
714 1906 778 1970 τών
814 1903 1033 1989 ὀρθογωνίων
1069 1905 1236 1991 τριγώνων

166 2013 354 2094 συνίστησι·
388 2007 502 2095 πρώτη
526 2008 565 2073 δὲ
586 2019 681 2073 ποιεί
702 2008 760 2073 τόν
782 2006 937 2094 ἡμιόλιον
959 2007 1070 2090 λόγον·
1099 2008 1144 2082 ,οά
1172 2010 1235 2095 γάρ

167 2117 249 2188 ἴσως
282 2113 391 2177 οἰκεῖα
423 2113 526 2177 ταῦτα
557 2123 629 2188 τοῖς
658 2108 892 2197 ἀποκειμένοις
922 2112 1130 2199 πράγμασιν·
1165 2111 1236 2177 ἀλλ’

167 2218 273 2282 έκείνο
296 2214 433 2301 μᾶλλον,
454 2215 491 2281 τό
516 2214 616 2302 φύσει
639 2216 843 2302 διαιρετικόν
865 2219 923 2282 τοῦ
945 2213 1098 2303 ἀριθμοῦ
1121 2217 1176 2281 καὶ
1198 2218 1236 2282 τό

167 2320 311 2386 πλείστα
342 2320 446 2406 τοότηι
479 2321 539 2404 τήν
572 2313 676 2404 φύσιν
708 2321 886 2405 διανέμειν.
933 2320 1041 2405 ἔνειμε
1068 2320 1131 2404 γὰρ
1157 2318 1238 2406 ήμίν

127 2453 154 2495 2⁰
167 2422 282 2499 αότοίς
304 2421 483 2510 αἰσθήσεις
505 2426 604 2489 πέντε
626 2425 682 2487 καὶ
704 2428 786 2508 μέρη
809 2425 926 2510 ψυχῆς,
950 2423 1089 2507 φυτικόν
1112 2425 1236 2508 αἰσθη-

167 2530 263 2593 τικόν
285 2526 534 2613 ἐπιθυμητικόν
557 2527 737 2612 θυμοειδὲς
757 2524 962 2608 λογιστικόν·
986 2527 1042 2591 καὶ
1059 2525 1238 2604 δακτύλους

167 2629 323 2716 ἑκατέρας
348 2631 456 2714 χειρός
483 2629 669 2708 τοσούτους,
703 2631 759 2696 καὶ
786 2630 1012 2714 γονιμώτατον
1039 2635 1172 2716 σπέρμα
1199 2629 1235 2695 τό

168 2738 312 2821 πενταχῆ
351 2733 553 2819 σχιζόμενον.
611 2731 648 2798 ου’
682 2735 742 2819 γὰρ
778 2732 950 2818 ἱστόρηται
982 2734 1061 2819 γυνή
1096 2734 1237 2799 πλείονα

167 2840 309 2902 τεκοῦσα
335 2839 432 2903 πέντε
456 2838 576 2918 [συχνά]
600 2839 673 2911 ταῖς
695 2831 813 2912 αόταίς
836 2835 945 2902 ώδῖσι.
990 2838 1046 2901 καὶ
1067 2838 1126 2922 τήν
1145 2834 1237 2900 Ῥέαν
1254 2847 1278 2896 F

129 2961 156 3004 τε
178 2938 361 3020 Αἰγύπτιοι
384 2939 616 3025 μυθολογοῦσι
638 2944 737 3006 πέντε
756 2941 857 3017 θεοὺς
873 2952 987 3015 τεκεῖν,
1011 2939 1237 3025 αἰνιττόμενοι

258 3218 269 3268 1
291 3214 354 3268 οὐδ’
372 3209 408 3269 ἀν
419 3217 601 3269 Bernsrdakis:
621 3211 700 3271 οὐδὲν
712 3217 786 3269 Βιολι.
799 3219 817 3269 Β
831 3217 889 3271 Vnt.
902 3217 957 3269 Pet.
972 3217 1036 3281 (Fi).
1063 3209 1127 3268 οὐδὲ
1145 3216 1201 3268 rell.
1223 3215 1236 3285 ΙΙ

170 3285 330 3356 λαίρετικῷ
344 3285 415 3336 ΒτοΙι.
476 3285 627 3356 4περπτῷ
641 3286 727 3337 Ambr.
791 3285 1051 3338 9noivni.EVat.
1076 3283 1084 3352 ii
1109 3280 1240 3350 ἀλλήλους

171 3355 244 3405 Baris.
265 3355 299 3406 E:
329 3349 428 3411 ἀλλους
452 3356 510 3406 rell.
545 3354 554 3422 ΙΙ
594 3351 685 3407 αὐτῶν
711 3371 775 3405 unus
803 3355 838 3417 E,
866 3361 894 3405 ut
920 3356 1035 3419 videtur,
1063 3349 1152 3405 αὐτῶν
1179 3354 1237 3405 rell.

172 3423 203 3474 12
221 3419 326 3488 ἑαυτὸν]
345 3421 443 3489 ἑαυτὴν
460 3425 636 3486 Βουιιοτότλίε,
656 3425 698 3474 sed
720 3424 790 3474 nolui
810 3430 907 3474 mutare
932 3422 941 3490 ή
965 3417 1057 3494 πρώτη
1075 3421 1127 3490 μὲν
1144 3424 1238 3490 scripsi

171 3508 226 3543 eum
248 3491 327 3543 Turn.
341 3492 560 3559 Vuislimperio:
587 3494 697 3563 πρῶτον
723 3495 747 3544 εὶ
771 3491 823 3561 μὲν
843 3491 1014 3543 Barb.A1nbr.
1037 3492 1133 3558 (potuit
1158 3494 1182 3545 εἰ
1209 3508 1237 3542 ex

171 3561 346 3628 superscripto
380 3555 397 3625 ή
432 3563 515 3613 nasci:
553 3577 646 3613 vereor
679 3569 761 3613 tamen
797 3577 828 3611 ne
862 3562 944 3611 lateat
978 3577 1030 3610 vox
1064 3561 1238 3625 exquisitior).

170 3632 281 3713 πρῶτον
313 3626 369 3710 μὲν
399 3629 491 3708 reliqui
526 3693 533 3713 ,
571 3632 602 3681 15
637 3626 719 3712 αὐτῆς
754 3629 934 3680 Bernardskis:
970 3627 1052 3693 αὐτῆς
1124 3629 1154 3680 18
1177 3628 1240 3707 Ιτοῦ

171 3698 1121 3836 iii-iiiiifissiff'iiiiiii?iiiiii&iiiiii?
1139 3713 1240 3833 iiiii

171 3836 233 3887 libri
285 3836 318 3885 20
337 3831 457 3904 φυσικὸν
474 3835 548 3886 libri:
568 3853 635 3887 οοτο.
650 3836 734 3904 Wytt.
788 3836 817 3884 21
838 3830 1004 3902 λογιστικὸν]
1022 3834 1133 3902 λογικὸν
1151 3835 1237 3884 Αιτιίιο.

173 3905 204 3955 22
227 3919 284 3972 γον.
308 3916 355 3954 στι.
379 3900 410 3954 τὸ
433 3922 463 3954 π.
486 3919 529 3971 σχ.
551 3905 657 3970 scripsi:
684 3902 716 3955 τὸ
733 3903 791 3968 (om.
807 3902 903 3968 Διαίου.)
924 3919 982 3970 γον.
1001 3918 1048 3954 απ.
1066 3919 1096 3952 π.
1114 3915 1158 3968 σχ.
1176 3901 1239 3952 libri

173 3973 205 4023 23
224 3971 349 4040 πενταχῆ
365 3971 416 4022 soii
434 3972 472 4037 (ut
491 3972 708 4035 videtur)BFi⁴2.
737 3972 863 4037 πανταχῆ
882 3972 939 4022 reli.
994 3972 1026 4022 24
1046 3969 1132 4038 συχνὰ
1152 3971 1238 4031 (τέκνα

173 4042 239 4106 conj.
255 4041 349 4107 Wytt.)
369 4042 477 4093 exclusi.
508 4041 688 4108 Adscripserat
708 4041 793 4092 lector
811 4042 964 4091 Aristotelis
982 4040 1075 4104 (5841),
1088 4040 1139 4102 34).
1171 4038 1238 4089 Loco

173 4111 253 4164 πέντε
273 4107 359 4178 συχνὰ
378 4111 454 4161 habet
471 4109 491 4159 Ε
511 4112 558 4162 λετ.
578 4112 592 4161 8
610 4112 662 4162 litt.
693 4109 701 4177 ΙΙ
731 4106 813 4173 αὐτῆς
830 4110 1020 4172 sec.1n.Barb.,
1038 4124 1076 4174 pr.
1089 4110 1153 4159 m.B
