2842 4724
158 320 183 360 p.
191 307 232 350 ιιι
569 289 824 344 ORAOULORUM
1191 292 1235 359 ηρ

248 469 299 530 14.
331 463 426 552 ‘licui
449 465 510 551 μὲν
532 461 591 531 οὖν
605 469 671 532 τῶν
685 469 866 552 μυστικῶν,
889 467 924 533 ἕν
940 468 990 543 οίς
1005 469 1063 545 τὰς
1078 474 1235 553 μεγίστας

158 567 324 655 ἐμφάσεις
353 570 409 633 καὶ
437 564 620 655 διαφάσεις
647 567 763 654 λαβεῖν
792 569 862 635 ἔστι
884 573 941 657 τῆς
964 573 1041 657 περὶ
1065 572 1235 658 δαιμόνων

158 670 339 758 ἀληθείας,
366 668 521 757 *εὔστομά
547 695 606 757 μοι
631 677 767 738 κείσθω
792 676 871 737 καθ’
890 673 1082 759 Ἡρόδοτον·
1118 675 1272 762 ἑορτάςυ
1313 698 1411 752 (παι)

159 777 198 842 δὲ
221 776 278 841 καὶ
298 778 437 853 θυσίας,
460 772 572 863 ὥσπερ
587 773 710 862 η’μέρας
724 774 928 861 ἀποφράδας
943 779 999 842 καὶ
1015 778 1233 865 σκυθρωπάς,

132 879 197 946 ab»
218 879 273 956 αίς
296 869 490 965 ὠμοφαγίαι
513 883 569 943 καὶ
584 877 806 965 ’διασπασμοὶ
828 887 980 964 νηστεῖαί
1002 904 1037 946 τε
1059 884 1114 947 καὶ
1131 907 1234 948 κοπε-

159 987 226 1059 τοί,
250 980 417 1064 πολλαχοῦ
439 982 477 1046 δὲ
498 980 604 1048 πάλιν
625 982 856 1068 αἰσχρολογίαι
880 983 965 1070 πρδς
991 983 1092 1072 ἱεροῖς

160 1089 295 1170 ιμανίαι
323 1087 354 1150 τ’
383 1080 504 1149 ἀλαλαί
531 1088 562 1150 τ’
590 1082 791 1171 ὀρινομένων
819 1086 997 1173 ῥιψαύχενι
1021 1092 1081 1154 σύν
1103 1088 1231 1177 κλύνηῖ,
1314 1111 1418 1165 (rinus

159 1191 253 1255 θεῶν
279 1189 341 1274 μὲν
370 1187 481 1255 οὐδενὶ
509 1188 679 1273 δαιμόνων
700 1190 738 1254 δὲ
761 1189 898 1275 φαύλων
921 1190 1232 1280 ἀποτροπῆς-ἕνεκα
1336 1165 1410 1216 ²⁰⁸³)

161 1293 302 1380 φήσαιμ’
325 1291 366 1359 ἀν
387 1292 562 1358 τελεῖσθαι
586 1293 735 1377 μειλίχια
758 1296 812 1357 καῖ
836 1297 1053 1380 παραμύθια.
1098 1298 1153 1361 καὶ
1176 1299 1233 1372 τὰς

122 1424 148 1462 ιο
160 1397 269 1463 πάλαι
297 1400 500 1482 ποιουμένας
528 1393 820 1481 ἀνθρωποθυσίας
849 1397 923 1464 οὔτε
950 1398 1052 1476 θεοός
1075 1397 1234 1466 ἀπαιτεῖν

161 1500 181 1587 ἢ
203 1501 457 1586 προσδέχεσθαι
480 1499 633 1566 πιθανόν
655 1501 759 1579 ἐστιν,
794 1500 869 1567 οὔτε
891 1500 997 1590 μάτην
1020 1503 1061 1569 ἀν
1082 1499 1233 1587 ἐδέχοντο

162 1603 314 1688 βασιλεῖς
347 1605 403 1668 καὶ
434 1605 610 1690 στρατηγοὶ
643 1605 771 1681 παῖδας
803 1604 911 1672 αὐτῶν
939 1606 1149 1684 ἐπιδιδόντες
1178 1610 1233 1673 καὶ

162 1702 400 1793 καταρχόμενοι
423 1709 479 1773 καὶ
503 1707 714 1794 σφάττοντες,
738 1706 823 1774 ἀλλά
845 1710 1000 1790 χαλεπῶν
1022 1712 1078 1775 καὶ
1094 1712 1233 1797 δυστρό-
1252 1724 1276 1772 D
1385 1776 1388 1780 Δ

162 1836 238 1879 πων
275 1810 374 1896 ὀρχάς
412 1813 470 1876 καὶ
508 1816 722 1898 βαρυθυμίας
765 1811 1008 1899 ἀφοσιούμενοι
1050 1816 1105 1878 καὶ
1148 1813 1231 1881 ἀπο-

125 1909 373 1999 ισπιμπλάντες
399 1912 608 2002 ἀλαστόρων·
642 1915 744 1992 ἐνίοις
766 1916 804 1981 δὲ
825 1918 983 2001 μανικοὺς
1005 1920 1059 1982 καὶ
1082 1942 1233 2003 τυραννι-

162 2020 240 2094 κούς
262 2018 396 2104 ἔρωτας,
419 2015 458 2085 οό
480 2019 674 2105 δυναμένων
696 2017 774 2086 οὐδὲ
789 2021 999 2106 βουλομένων
1023 2021 1153 2107 σώμασι
1176 2022 1233 2088 καὶ

162 2116 222 2187 ὀιά
256 2122 417 2207 σωμάτων
450 2118 591 2208 ὀμιλεῖν.
640 2121 712 2188 ἀλλ’
747 2120 858 2209 ὥσπερ
883 2122 1042 2211 Ἡρακλῆς
1071 2127 1234 2208 Οἰχαλίαν

162 2226 355 2313 ἐπολιόρκει
388 2227 448 2292 διά
480 2230 667 2314 παρθένον,
703 2224 787 2294 οὕτω
821 2226 983 2304 πολλάκις
1016 2231 1144 2316 ἰσχυροὶ
1178 2231 1234 2294 καὶ

161 2336 273 2415 βίαιοι
296 2330 452 2415 δαίμονες
474 2331 701 2416 ἐξαιτούμενοι
716 2333 828 2417 ψυχὴν
843 2329 1065 2418 ἀνθρωπίνην
1080 2356 1234 2420 περιεχο-

125 2439 265 2521 ιομένην
296 2432 424 2518 σοίματι
454 2432 590 2523 λοιμούς
616 2458 652 2500 τε
680 2433 799 2499 πόλεσι
823 2437 878 2499 καὶ
901 2437 959 2521 γῆς
981 2433 1126 2522 ἀφορίας
1148 2437 1234 2502 ἐπά-

161 2556 259 2621 γουσι
291 2536 347 2603 καὶ
378 2538 546 2623 πολέμους
578 2538 635 2602 καὶ
667 2538 802 2615 στάσεις
827 2537 1060 2624 ταράττουσιν,
1094 2539 1171 2627 ἄχρι
1195 2536 1234 2606 οὗ

252 2827 263 2876 l
283 2822 347 2891 περὶ
363 2821 415 2893 μὲν
432 2838 512 2890 usquc
530 2823 561 2873 οδ
579 2815 818 2893 ἀνθρωποθυσίας
831 2840 863 2874 ex
876 2822 985 2876 Eusebio
999 2825 1138 2890 descripsit
1150 2826 1233 2877 Thuc-

162 2893 271 2944 δοιοῖσι
284 2890 376 2943 Grsec.
388 2891 479 2944 Affuct
493 2892 552 2942 Cur.
565 2908 588 2959 p.
601 2892 651 2942 374
669 2888 809 2955 (Gaisfcrd)
827 2889 836 2958 ΙΙ
857 2893 923 2943 Loco
942 2893 1005 2962 περὶ
1018 2891 1073 2976 μὲν
1091 2885 1140 2946 οὖν
1157 2894 1233 2945 bubct

162 2962 291 3013 Eusebius
317 2962 364 3012 καὶ
389 2961 455 3028 περὶ
479 2959 540 3026 μὲν,
567 2959 744 3011 ΤΙιοοδοεεῖοε
770 2962 898 3029 καὶπερὶ
976 2962 1110 3012 ῖαλαλαῖ
1126 2963 1147 3012 τ’
1165 2963 1232 3014 Tur-

163 3030 243 3082 nebus
262 3045 295 3080 ex
312 3045 336 3095 p.
351 3029 431 3080 7060:
453 3025 522 3079 ἀλλα
539 3045 567 3080 τε
581 3029 652 3079 Eurb.
664 3027 751 3079 Ambr.
772 3032 809 3093 (et
826 3037 855 3080 ut
873 3030 976 3081 videtur
993 3029 1036 3093 Ei:
1055 3025 1134 3081 ἀλλαι
1152 3032 1233 3082 ceteri

162 3114 218 3149 cum
237 3099 310 3149 codd.
323 3096 431 3149 Eusebii
449 3105 475 3147 et
486 3097 642 3148 Theodcrcti
665 3095 673 3163 11
696 3093 873 3167 ὀρινομένων]
892 3114 975 3150 verum
994 3099 1147 3164 scripturum
1159 3115 1232 3164 quum

162 3168 314 3219 confirmant
331 3167 377 3216 clii
389 3167 521 3218 Plutarchi
540 3167 592 3217 loci
610 3164 773 3229 cubuisse
791 3174 962 3220 servaverunt
979 3166 1050 3218 codd.
1065 3167 1137 3218 unius
1150 3165 1233 3219 Thec-

162 3237 254 3287 durcti.
299 3225 460 3303 ὀρινόμεναι
486 3235 557 3286 codd.
575 3234 682 3284 Eusebii
708 3242 734 3285 ct
761 3236 845 3287 nostri
932 3236 947 3285 8
973 3236 1031 3303 θεῷ
1053 3235 1126 3286 Burb.
1143 3236 1230 3287 Ambr.

162 3306 177 3354 9
197 3305 336 3356 τελεῖσθαι
354 3303 489 3355 Eusebius.
519 3302 706 3366 ἐπιτελεῖσθαι
717 3303 907 3368 Thoudurctus3
926 3312 984 3355 utcr
1002 3319 1032 3353 ue
1049 3306 1169 3371 μειλίχια
1186 3305 1233 3357 καὶ

163 3373 270 3425 omittit.
306 3373 390 3426 τελεῖν
404 3373 498 3423 ‘nostri
526 3380 629 3439 praeter
652 3371 726 3423 Burb.
749 3373 792 3439 qui
819 3373 967 3425 λυσιτελεῖν
985 3320 1004 3438 λλ
1033 3373 1080 3422 καί
1106 3373 1179 3424 dccst
1206 3375 1231 3424 iu

163 3441 270 3492 Euscbii
289 3442 359 3492 codd.
379 3442 514 3507 (iteratque
533 3441 560 3495 iu
578 3440 664 3492 codice
683 3441 748 3491 uude
761 3457 806 3493 sus
818 3442 957 3508 exscripsit
969 3439 1154 3492 Theodorctus.
1181 3440 1232 3493 iste

164 3511 230 3562 cuim
248 3511 311 3561 bucc
330 3511 367 3561 itu
384 3511 429 3562 v'cl
447 3509 511 3572 legit
528 3509 571 3562 vul
588 3508 696 3572 legenda
710 3524 766 3561 essu
780 3511 880 3561 ccusuit
892 3511 1076 3577 παραμυθίας
1087 3509 1134 3574 τῆς
1145 3507 1232 3561 πάλαι

163 3578 344 3646 ποιουμένους
369 3572 609 3660 ἀνθρωποθυσίας.
643 3576 721 3628 Plura
748 3595 797 3629 nou
824 3581 902 3643 citut3
929 3579 952 3629 si
981 3578 1089 3630 citusset
1113 3573 1149 3641 ἢν
1174 3584 1232 3644 μυεῖ

163 3644 395 3718 ἀνθρωποθυσίας
430 3648 585 3698 inseruisset
677 3647 707 3697 10
741 3648 902 3715 τελουμένας
937 3663 982 3713 pru
1017 3647 1181 3712 ποιουμένας
1216 3663 1232 3698 v

165 3715 193 3768 11
217 3705 309 3784 μάτην
332 3717 403 3768 Eurb.
422 3717 508 3766 Ambr.
528 3714 588 3779 soii,
615 3721 643 3765 ut
671 3717 782 3783 videtur,
809 3706 901 3784 μάχην
919 3716 977 3766 rcll.
1008 3715 1017 3783 ΙΙ
1047 3709 1081 3766 ἀν
1106 3712 1231 3781 ἐδέχοντο

163 3783 304 3836 Eusebius:
326 3780 471 3852 ἀνέχονται
490 3784 571 3834 nostri
625 3784 656 3836 12
675 3778 862 3837 αότῶνΑιυόε.
878 3783 959 3835 vsu
1015 3784 1044 3834 13
1062 3784 1232 3853 καταρχ.καὶ

162 3864 210 3921 σφ.
222 3853 362 3905 Eusebius:
381 3850 443 3920 ἀρχ.
461 3853 508 3903 καὶ
525 3848 705 3922 φυλάττοντες
722 3854 805 3903 uustri
861 3853 890 3905 15
909 3850 991 3907 ἐνίοις
1002 3853 1186 3902 Buruurdukis:
1203 3851 1232 3902 iv

162 3924 217 3979 τοῖς
238 3921 311 3972 codd.
329 3921 435 3972 Eusubii
458 3922 570 3988 (practer
594 3936 615 3970 u.
635 3922 651 3971 b
673 3922 715 3988 qui
738 3930 860 3989 corrupta
882 3921 1024 3985 exhibens:
1051 3921 1139 3977 ἐνίους
1158 3921 1230 3971 Burb.

163 3987 244 4043 ἐνίων
261 3990 319 4041 rell.
383 3992 413 4043 18
433 3987 504 4040 ούτω
522 3982 654 4046 πολλάκις
667 3989 741 4040 Burb.
755 3993 840 4041 Ambr.
860 4006 915 4040 curu
927 3987 1052 4040 Eusebio:
1071 3982 1154 4046 οὕτως
1172 3989 1230 4039 τελλ.

164 4058 196 4108 20
213 4057 277 4109 Post
303 4053 409 4126 σώματι
427 4054 549 4127 (στόμασι
568 4061 592 4123 ν)
612 4059 728 4109 inserunt
757 4075 843 4109 brunus
870 4058 954 4108 uustri
973 4065 1075 4124 practer
1095 4057 1167 4110 Burb.
1185 4058 1232 4109 καῖ

163 4122 208 4178 διὰ
226 4121 363 4198 σωμάτων
382 4122 487 4196 ὁμιλεῖν
505 4122 537 4178 οὐ
556 4124 705 4195 δυνάμενοι
723 4121 803 4200 ταύτη
828 4126 837 4194 ΙΙ
862 4124 983 4198 ἀφορίαν
1000 4126 1086 4178 Ambr.
