2842 4724
306 293 327 354 4
797 295 846 344 DE
867 296 889 344 Ε
1300 314 1368 364 ηοω

306 464 498 554 διέσπειρον
526 468 573 543 είς
599 467 657 552 τήν
681 464 823 533 Ἑλλάδα
848 479 918 545 τοίς
939 466 1001 535 ἀπ’
1028 469 1161 536 έκείνων
1183 470 1373 555 λεγομένοις

306 572 455 660 ὁμοίους·
491 565 755 656 δυσχεράναντας
782 569 846 655 ἄρα
868 573 944 648 τοὺς
966 571 1089 660 ἄνδρας
1111 570 1293 655 ἐξελέγχειν
1313 578 1374 660 μέν

306 677 365 744 οὐκ
397 676 530 741 ἐθέλειν
562 671 621 759 τήν
652 669 851 749 ἀλαζονείαν
880 665 960 742 οόδὲ
994 680 1143 762 φανερῶς
1169 674 1254 763 ὑπὲρ
1278 677 1374 764 δόξης

305 777 567 862 ἀπεχθάνεσθαι
601 777 657 841 καὶ
686 776 916 862 διαμάχεσθαι
950 780 1034 865 πρὸς
1061 777 1263 865 ἀνθρώπους
1291 784 1374 866 μέγα

305 886 517 967 δυναμένους,
541 879 689 946 ἐνταῦθα
711 879 749 946 δὲ
771 880 995 958 συνελθόντας
1017 880 1137 959 αὐτοὺς
1159 885 1238 949 καθ’
1255 882 1395 960 αὑτοδςῦ

306 989 362 1050 καὶ
385 984 625 1065 διαλεχθέντας
646 980 811 1069 ἀλλήλοις,
842 982 1023 1050 ἀναθεῖναι
1047 989 1112 1052 τῶν
1132 985 1336 1071 γραμμάτων
1356 984 1373 1053 ό

264 1093 345 1180 Γτήη
367 1113 402 1154 τε
434 1083 527 1162 τάξει
560 1089 714 1169 πέμπτον
747 1085 817 1151 ἐστὶ
852 1089 907 1152 καὶ
940 1091 999 1154 τοῦ
1021 1083 1171 1176 ἀριθμοῦ
1204 1091 1245 1154 τὰ
1278 1093 1374 1157 πέντε

308 1190 414 1278 δηλοῖ,
437 1192 703 1276 μαρτυρομένους
723 1189 785 1275 μὲν
806 1187 891 1273 ὑπὲρ
914 1189 1023 1258 αὐτῶν
1045 1193 1128 1276 πρός
1150 1191 1309 1258 τὸνθεόν
1324 1189 1373 1259 ότι

309 1297 407 1361 πέντε
438 1295 518 1369 είσί,
551 1290 612 1357 τδν
640 1290 678 1356 δὲ
701 1292 845 1376 ἕβδομον
867 1296 922 1357 καὶ
944 1295 1002 1360 τόν
1026 1299 1118 1359 ἕκτον
1139 1289 1373 1382 ἀποποιουμέ-

307 1420 384 1472 νους
407 1396 462 1460 καὶ
493 1393 746 1478 ἀποβάλλοντας
775 1393 817 1471 ως
840 1393 879 1462 οὐ
902 1397 1129 1483 προσήκοντας
1152 1394 1275 1475 αὐτοῖς.
1323 1396 1373 1466 ότι
1385 1419 1406 1458 1⁰

307 1500 346 1565 δέ
368 1497 426 1565 οάκ
449 1496 518 1564 ἀπό
543 1499 672 1562 σκοποῦ
693 1502 797 1563 ταῦτα
819 1496 960 1581 λέγεται,
984 1505 1076 1586 γνοίη
1099 1524 1151 1577 τις
1165 1501 1207 1568 ἀν
1229 1499 1373 1580 ἀκούσας

305 1604 370 1669 τῶν
391 1600 475 1667 κατὰ
496 1600 532 1666 τό
558 1600 648 1685 ἱερὸν
669 1600 706 1666 τδ
730 1602 791 1684 μὲν
812 1605 955 1687 χρυσοῦν
971 1610 1001 1667 Ε
1013 1608 1142 1687 Λιβίας
1164 1606 1219 1690 τῆς
1247 1610 1372 1672 Καίσα-

305 1716 361 1792 ρος
382 1704 537 1787 γυναικὸς
560 1700 798 1787 ὀνομαζόντων,
821 1705 858 1769 τὸ
882 1706 919 1770 δὲ
940 1707 1080 1787 χαλκοῦν
1098 1703 1303 1792 Ἀθηναίων·
1336 1709 1372 1774 τό

235 1818 286 1869 386
306 1808 343 1874 δὲ
366 1811 498 1894 πρῶτον
520 1808 575 1871 καὶ
598 1805 826 1873 παλαιότατον
847 1811 886 1898 τή
909 1809 946 1872 δὲ
969 1806 1067 1890 οὖσίηι
1090 1808 1222 1884 ξύλινον
1244 1811 1294 1876 ἔτι
1316 1813 1372 1878 νόν

304 1916 369 1981 τόν
392 1914 505 1998 σοφῶν
528 1909 701 1983 καλοῦσιν,
725 1904 771 1986 τός
794 1908 853 1992 οόχ
873 1905 946 1988 ἑνός
969 1906 1055 1977 ἀλλὰ
1077 1914 1190 1979 κοινὸν
1212 1911 1404 2000 ἀνάθημαιι

306 2016 442 2083 πάντων
462 2012 659 2097 γενόμενον.’

390 2123 420 2184 4.
440 2116 475 2182 Ὁ
494 2117 556 2202 μὲν
578 2111 833 2201 οὖν’Λμμιόνιος
848 2113 952 2202 ήσυχή
967 2117 1203 2201 διεμειδίασεν,
1227 2117 1371 2208 ἀπονοή-

305 2240 366 2297 σας
390 2222 462 2302 ίδίᾳ
483 2220 540 2284 τόν
565 2223 756 2304 Λαμπρίαν
778 2217 857 2305 δόξη
881 2222 1074 2306 κεχρῆσθαι,
1103 2220 1315 2289 πλάττεσθαι
1339 2227 1370 2290 δ’

306 2325 458 2406 ἱστορίαν
473 2323 529 2386 καὶ
546 2320 647 2406 ἀκοήν
664 2322 783 2405 ἑτέρων
796 2324 880 2405 πρός
895 2324 932 2387 τό
948 2321 1187 2391 ἀνυπεύθυνον.
1210 2326 1371 2396 ΕΤΕΡΟΣ

305 2428 343 2492 δέ
365 2427 431 2490 ΤΙΣ
455 2425 516 2510 ἔφη
542 2424 629 2490 ΤΩΝ
650 2424 893 2502 ΠΑΡΟΝΤΩΝ,
917 2424 959 2501 ως
980 2422 1083 2510 όμοια
1102 2431 1190 2493 ταῦτ’
1212 2431 1303 2498 ἐστίν
1323 2431 1405 2508 οίςιυ

306 2528 449 2615 πρῴηνό
464 2528 637 2604 Χαλδαῖος
648 2527 806 2613 έφλυάρει
820 2529 921 2606 ξένος,
932 2527 1017 2593 ἑπτά
1033 2527 1095 2612 μὲν
1106 2534 1192 2596 εἶναι
1205 2534 1246 2596 τὰ
1258 2536 1372 2622 φωνήν

304 2627 396 2697 ἰδίαν
429 2630 569 2716 ἀφιέντα
602 2633 668 2696 τῶν
699 2630 910 2716 γραμμάτων,
945 2631 1030 2696 έπτά
1062 2632 1101 2697 δὲ
1133 2634 1209 2711 τούς
1242 2641 1372 2723 κίνησιν

305 2732 462 2819 αὐτοτελῆ
485 2736 540 2798 καὶ
563 2731 744 2800 ἀσύνδετον
773 2734 807 2799 έν
830 2732 959 2820 οάρανῷ
980 2741 1192 2819 κινουμένους
1215 2736 1370 2826 ἀστέρηις·

304 2840 392 2902 εἶναι
415 2838 453 2901 δὲ
475 2840 513 2927 τή
536 2835 626 2910 τόξει
650 2834 803 2921 δεύτερον
829 2836 867 2901 τό
894 2861 930 2901 τε
953 2844 983 2901 Ε
1002 2840 1066 2904 τῶν
1088 2844 1287 2927 φωνηέντων
1309 2841 1372 2911 ἀπ’

266 2955 286 3002 Β
307 2937 407 3026 ἀρχῆς
430 2944 485 3004 καὶ»
508 2941 566 3006 τόν
589 2937 684 3024 ήλιον
706 2937 775 3004 ἀπό
804 2937 940 3026 σελήνης
966 2944 1031 3006 τῶν
1054 2941 1243 3029 πλανήτων·
1288 2944 1405 3034 ήλίῳω

305 3045 339 3108 δ’
358 3042 551 3110 Ἀπόλλωνα
572 3041 632 3109 τόν
654 3039 755 3108 αὐτόν
778 3040 820 3118 ἀς
840 3042 922 3118 ἔπος
945 3045 1055 3110 εἰπεῖν
1069 3043 1197 3123 πάντας
1214 3044 1371 3135 Ἕλληνας

303 3145 460 3230 νομίζειν.
506 3144 602 3211 ίάλλά
622 3146 716 3211 ταυτὶ
739 3143 812 3228 μέν’
837 3144 898 3231 ἔφη
921 3146 1150 3216 ίπαντολπασιν
1172 3151 1207 3215 έκ
1230 3157 1371 3231 πίνακος

305 3251 359 3312 καὶ
383 3250 553 3324 πυλαίαςῖ
588 3246 607 3313 ό
635 3247 673 3313 δὲ
703 3253 890 3334 Λαμπρίας
917 3248 1055 3328 ἔλαθεν,
1091 3250 1133 3329 ἀς
1160 3253 1262 3333 ἔοικε,
1296 3257 1371 3335 τοὺς

303 3348 361 3437 ἀφ’
397 3349 488 3436 ἱεροό
522 3350 658 3436 κινήσας
690 3351 749 3416 ἐπὶ
782 3351 839 3417 τόν
872 3348 975 3418 αὑτοῦ
1007 3353 1116 3434 λόγον.
1161 3355 1183 3422 ἀ
1214 3360 1277 3444 μὲν
1308 3363 1370 3447 γὰρ

304 3453 429 3529 ἐκεῖνος
452 3456 566 3531 εἶπεν,
599 3450 709 3530 οὗδεὶς
731 3453 909 3534 ἐγίγνωσκε
932 3455 1089 3542 Δελφῶν·
1116 3460 1175 3547 τήν
1197 3460 1235 3526 δὲ
1257 3466 1372 3552 κοινήν

392 3613 402 3662 1
425 3609 582 3683 διέσπειραν
595 3614 615 3663 1)
626 3612 675 3663 VB
694 3612 738 3676 (ον
756 3615 940 3680 superscripsit
959 3632 996 3680 pr.
1015 3620 1059 3680 m.)
1077 3617 1131 3669 Pal.
1143 3618 1164 3670 F
1177 3617 1186 3686 Η
1198 3619 1242 3672 ἐπ’
1261 3621 1371 3676 ἐκείνων

303 3680 369 3731 DV¹
442 3682 456 3731 2
476 3677 589 3748 ὁμοίους
608 3683 624 3732 Β
644 3681 697 3732 Pal.
708 3679 743 3732 V³
760 3676 864 3748 ὁμοίως
882 3682 940 3734 rell.
965 3682 974 3752 ή
998 3681 1221 3753 δυςχεραίνοιτας
1239 3689 1293 3743 DV
1317 3692 1369 3745 1¹21.

304 3750 319 3799 4
337 3743 437 3815 ἀπεχθ.
452 3750 498 3800 καί
515 3750 608 3800 dosunt
625 3751 652 3800 in
665 3749 727 3812 Pal„
745 3755 820 3815 atque
831 3751 868 3800 itt
880 3752 974 3801 malim.
1012 3749 1140 3813 όαύτοδς
1152 3755 1175 3807 V
1187 3757 1203 3804 Β
1213 3756 1267 3808 Pal.
1286 3761 1370 3821 (estne

304 3819 329 3865 in
342 3818 385 3873 [m
405 3812 516 3873 ἑαυτοὺς
534 3818 591 3867 rell.
628 3818 643 3867 8
660 3817 889 3902 μαρτυρομένους]
907 3821 943 3869 ita
957 3819 991 3872 V³
1008 3822 1153 3889 -ουμένους
1170 3826 1264 3892 reliqui
1278 3825 1288 3894 ή
1301 3824 1370 3896 ὑπὲρ

304 3881 394 3935 αὐτῶν
417 3887 509 3935 desunt
526 3886 552 3934 in
572 3886 625 3937 Pul.
695 3886 710 3936 9
737 3901 786 3938 τον
809 3884 839 3937 δὲ
861 3883 937 3939 ἕκτον
954 3889 999 3939 καὶ
1016 3885 1067 3940 τὸν
1083 3887 1201 3958 ἕβδομον
1224 3898 1370 3959 οουήοοετιῑ

306 3953 397 4003 Ηυίελο
416 3955 539 4018 habetque
558 3953 611 4006 Pal.
661 3953 817 4006 12531’21
832 3952 867 4006 V³
884 3954 1023 4009 varen.
1070 3960 1101 4010 14
1118 3961 1149 4030 τῇ
1169 3958 1249 4029 οι’σίᾳ
1268 3963 1296 4017 δέ
1316 3966 1368 4017 Pal.

307 4021 336 4072 15
362 4017 397 4078 ὠς
424 4024 496 4072 deest
520 4021 713 4074 inFAEVnt.
732 4023 786 4072 Pet.
841 4023 872 4074 24
890 4027 903 4076 ἑ
923 4027 941 4075 Β
960 4025 1095 4079 1²2th
1112 4032 1138 4078 ἦ
1156 4031 1215 4080 rell.
1271 4032 1303 4083 29
1320 4031 1369 4086 τὸν

303 4083 385 4139 αὐτὸν
398 4091 419 4142 V
435 4091 487 4141 Pal.
504 4089 552 4141 τὸν
570 4087 653 4140 αὑτοῦ
672 4091 729 4143 Vat.
748 4091 795 4141 τοῦ
813 4086 931 4144 αὖτοῦΑ
