2842 4724
164 331 236 385 μοι
576 308 830 368 οκιυῦῐιοιὶυιι
1190 313 1233 380 33

163 491 259 566 λάκις
281 490 319 554 δὲ
340 489 506 574 λοιμικοῖς
528 487 661 555 πάθεσι
683 491 741 555 τόν
763 487 844 574 ἀέρα
860 489 1129 576 φαρμάττουσιν.’
1167 489 1235 556 ἐκεῖ
1252 504 1306 558 420

163 599 279 679 μέντοι
313 599 394 678 μίαν
425 596 512 658 εἶναι
545 595 658 680 νῆσον,
690 594 726 659 ἐν
749 587 769 684 ᾗ
791 594 848 659 τόν
873 594 1000 678 Κρόνον
1026 598 1235 678 καθεῖρχθαι

164 699 414 786 φρουρούμενον
436 695 503 775 ὑπὸ
526 700 584 764 τοῦ
606 695 759 783 Βριάρεω
782 697 1006 764 καθεύδοντα·
1029 699 1152 783 δεσμὸν
1174 700 1236 782 γάρ

164 801 255 890 αὐτῷ
278 802 335 868 τόν
357 799 463 868 ὕπνον
485 802 758 889 μεμηχανῆσθαι,
793 800 938 877 πολλοὺς
964 803 1002 867 δὲ
1030 803 1108 887 περὶ
1136 799 1237 867 αὐτόν

138 910 254 972 τεῖναι
278 900 438 989 δαίμονας
461 903 609 982 ὀπαδοὺς
632 906 688 968 καί
712 903 934 990 θεράποντας.

254 1043 302 1105 19.
336 1039 531 1122 Ὑπολαβδν
552 1041 590 1104 δὲ
614 1037 632 1103 ὁ
653 1039 964 1104 ΚΛΕΟΜΒΡΟΤΟΣ
987 1039 1058 1120 ιἔχω
1082 1039 1149 1122 μέν’
1173 1039 1235 1125 ἔφη

164 1143 232 1207 ικαὶ
262 1144 325 1224 ἐγώ
347 1145 486 1208 τοιαῦτα
509 1142 669 1220 διελθεῖν,
704 1139 799 1226 ἀρκεῖ
820 1141 859 1207 δὲ
880 1144 965 1228 πρὸς
987 1144 1046 1229 τὴν
1068 1137 1237 1209 ἀπόθεσιν

163 1247 201 1312 τό
226 1244 330 1333 μηδὲν
353 1247 593 1313 ἐναντιοῦσθαι
622 1247 705 1332 μηδὲ
728 1244 867 1312 κωλύειν
889 1247 977 1328 ἔχειν
1000 1245 1236 1322 οὕτωςταῦτα.

164 1355 277 1415 καίτοι
310 1352 386 1426 τοὺς
407 1349 584 1426 Στωικοός’
613 1351 675 1436 ἔφη
704 1350 940 1436 (γιγνώσκομεν
967 1349 1009 1416 οδΙ
1029 1349 1131 1435 μόνον
1154 1352 1238 1415 κατὰ

126 1478 151 1516 ιο
165 1453 338 1538 δαιμόνων
359 1451 399 1540 ἢν
421 1455 504 1535 λέγω
529 1453 631 1528 δόξαν
653 1454 796 1535 ἔχοντας,
830 1449 917 1519 ἀλλά
943 1455 999 1518 καὶ
1021 1457 1113 1520 θεῶν
1135 1453 1239 1520 ὄντων

165 1560 334 1624 τοσούτων
356 1559 393 1622 τὸ
417 1559 551 1644 πλῆθος
575 1557 623 1622 ἑνὶ
645 1562 831 1642 χρωμένους
854 1555 953 1642 ἀιδίῳ
977 1559 1033 1622 καὶ
1053 1553 1238 1645 ἀφθάρτῳ·

165 1662 243 1737 τούς
260 1662 280 1726 δ
286 1665 292 1689 ’
308 1661 428 1737 ἀλλους
444 1663 500 1726 καὶ
516 1665 683 1745 γεγονέναι
701 1663 756 1726 καὶ
769 1659 1014 1746 φθαρήσεσθαι
1030 1661 1237 1746 νομίζοντας.

161 1770 402 1849 Ἐπικουρείων
431 1767 470 1830 δὲ
498 1765 701 1849 χλευασμοὺς
724 1767 778 1830 καὶ
801 1766 945 1846 γέλωτας
968 1764 1040 1830 οὔτι
1064 1769 1278 1850 φοβητέον,Β

169 1868 221 1944 οἷς
243 1870 391 1953 τολμῶσι
413 1872 561 1954 χρῆσθαι
586 1871 641 1933 καὶ
664 1870 749 1932 κατὰ
762 1871 818 1954 τῆς
833 1873 995 1953 προνοίας
1009 1872 1124 1952 μόθον
1138 1867 1240 1953 αὐτὴν

125 1994 152 2034 ιι
167 1967 426 2048 ἀποκαλοῦντες.
465 1970 560 2059 ἡμεῖς
583 1971 619 2036 δὲ
640 1973 699 2057 τὴν
721 1970 881 2056 ἀπειρίαν
900 1975 1012 2056 μῦθον
1027 1975 1113 2036 εἷναί
1130 1995 1239 2058 φαμεν

167 2076 204 2142 έν
237 2074 376 2160 κόσμοις
409 2072 582 2151 τοσοότοις
614 2077 740 2159 μηδένα
766 2074 853 2161 λόγῳ
880 2079 967 2161 θείῳ
995 2069 1240 2160 κυβερνώμενον

167 2180 319 2261 ἔχουσαν,
336 2177 420 2244 ἀλλά
436 2178 564 2255 πάντας
580 2181 651 2270 εἰκῇ
667 2185 932 2264 συνισταμένους.
967 2181 998 2243 ελ
1013 2179 1051 2244 δὲ
1066 2180 1125 2265 χρὴ
1141 2179 1239 2258 γελᾶν

140 2274 142 2279 ’
166 2283 205 2349 ἓν
232 2282 429 2370 φιλοσοφίᾳ,
463 2283 504 2347 τά
526 2284 650 2348 εἴδωλα
671 2285 848 2364 γελαστέον
870 2284 911 2347 τὰ
933 2279 1030 2368 κυφά
1053 2286 1108 2347 καί
1130 2282 1240 2368 τυφλὰ

167 2387 225 2451 καὶ
259 2385 387 2472 ἀψυχα,
422 2384 445 2451 ἀ
478 2392 719 2471 ποιμαίνουσιν
752 2384 914 2462 ἀπλέτους
948 2387 1028 2452 ε’τιόν
1061 2385 1240 2472 περιόδους

129 2518 153 2556 ιο
168 2488 419 2575 ἐπιφαινόμενα
434 2492 490 2554 καί
506 2493 768 2575 περινοστοῦντα
783 2491 902 2577 πάντῃ,
917 2492 959 2555 τά
975 2493 1035 2576 μὲν
1050 2492 1097 2556 ἔτι
1112 2489 1240 2566 ζώντων

167 2595 210 2658 τοὶ
239 2593 277 2657 δὲ
304 2588 411 2658 πάλαι
439 2599 667 2660 κατακαέντων
695 2594 714 2680 ἢ
741 2598 1000 2659 κατασαπέντων
1023 2592 1239 2680 ἀπορρυέντα,

168 2693 334 2784 φλεδόνας
356 2699 412 2761 καὶ
435 2699 531 2773 σκιάς
554 2699 700 2772 ἕλκοντες
723 2701 771 2773 είς
793 2697 1027 2783 φυσιολογίαν,
1060 2697 1101 2764 ἀν
1128 2698 1165 2763 δὲ
1193 2701 1239 2788 φῇ

167 2826 219 2876 τις
258 2804 344 2865 εἶναι
381 2802 545 2885 δαίμονας
583 2800 620 2867 οὐ
656 2803 748 2893 ψυχῇ
784 2799 888 2887 μόνον
921 2799 1006 2866 ἀλλά
1037 2803 1093 2866 καὶ
1127 2802 1280 2882 λόγοιςο

260 3263 272 3313 1
300 3251 406 3314 πάθεσι
432 3258 480 3314 τόν
506 3262 645 3313 Eusebius:
673 3253 795 3317 πάθεσιν
864 3264 879 3313 3
894 3262 1010 3343 δεσμοῦ
1037 3261 1065 3312 E,
1102 3261 1161 3343 -μῶ
1183 3262 1241 3313 Vct.

170 3333 187 3383 4
204 3349 260 3402 γαρ
278 3347 323 3397 pro
342 3330 370 3382 δὲ
384 3331 434 3382 Vl?
452 3333 531 3392 (corr.
545 3348 595 3382 sec.
608 3336 652 3395 m)
672 3332 744 3382 Bsrb.
798 3325 1242 3396 8κωλυεινΧγ1ιιιδοττκάλυσιν

173 3403 202 3452 11
231 3401 366 3451 τοσουτῶν
387 3400 515 3451 V2Ambr.
533 3402 566 3451 E:
593 3400 723 3452 τοσοῦτον
750 3401 808 3451 rell.
900 3401 930 3453 13
959 3400 990 3452 δὲ
1013 3417 1060 3452 om.
1074 3416 1110 3466 pr.
1123 3416 1154 3449 m.
1169 3401 1239 3450 Bari).

174 3471 205 3520 14
232 3471 279 3520 καί
302 3471 373 3520 deest
396 3470 459 3519 inB
547 3472 577 3521 15
605 3466 811 3532 ἀποκαλοῦντες]
829 3470 957 3535 scriptura
977 3464 1025 3519 οὐκ
1042 3464 1242 3524 ἀποκαλοῦντες

173 3537 253 3600 (ch
276 3539 318 3588 vei
338 3539 357 3587 D
380 3539 484 3600 allstci)
510 3539 577 3588 nisus
596 3539 765 3588 Bernardakis
791 3550 923 3589 συναποκ.
946 3538 1051 3604 scripsit
1080 3536 1089 3604 ii
1118 3534 1242 3605 ἀπορίαν

174 3608 259 3657 Ambr.
277 3606 439 3657 ssv³APec
511 3609 541 3658 17
562 3606 620 3676 εἰκῇ
638 3608 744 3673 scripsi:
771 3609 816 3657 καὶ
835 3607 904 3657 libri.
941 3607 1008 3656 Ante
1026 3608 1074 3656 hoc
1093 3622 1179 3656 omncs
1197 3621 1241 3655 cx-

173 3677 254 3758 ceptis
273 3675 346 3725 Burb.
359 3676 392 3726 V¹
411 3677 505 3726 habent
529 3661 767 3741 1οῖειρο1ιιιιιεοτιιιιι
793 3675 822 3726 ἐκ
844 3666 1013 3741 ταύτομάτου
1032 3677 1078 3725 καὶ
1095 3670 1242 3740 γεγονότος

177 3738 243 3792 19‘
224 3763 242 3794 α
262 3746 398 3810 supplevit,
416 3747 618 3811 ποιμαίνουσιν
635 3746 738 3810 scripsit
752 3744 837 3812 Wytt.
850 3746 1067 3810 (ποιμαίνουσιν,
1088 3751 1116 3792 ut
1129 3744 1241 3804 videtur,

174 3821 318 3878 sumpserat
344 3829 375 3862 cx
394 3813 459 3863 coll.
472 3813 549 3872 Nov.‚
576 3814 619 3862 ubi
638 3818 721 3876 extat)
739 3813 922 3896 ποιμένοιισιν
940 3815 1024 3862 Ambr.
1043 3815 1096 3862 ποῖ
1110 3813 1242 3877 μένουσιν

174 3882 268 3946 reliqui
336 3882 369 3931 20
390 3883 485 3932 καὶ-
503 3875 591 3951 πάντῃ
610 3883 702 3932 dosunt
720 3881 785 3932 ins:
855 3875 921 3934 21
905 3900 921 3945 η
939 3883 984 3931 καὶ
1002 3894 1097 3931 κατασ.
1111 3879 1197 3930 Ambr.
1216 3887 1242 3930 ct

174 3950 266 3999 Aldina
346 3951 377 3999 22
405 3949 543 4017 φλεδῶνας
570 3935 654 3999 Ᾱοιότ.
674 3949 775 4001 V³.V
801 3952 827 4013 (ο
854 3967 892 4016 pr.
913 3952 957 4013 ιιι.)
984 3949 1011 3999 ct
1036 3951 1122 4000 Ambr.
1148 3950 1243 3999 habent

175 4019 329 4084 adscriptum
356 3969 480 4088 φλυδράς
512 4019 521 4086 ΙΙ
552 4016 680 4076 ἕλκοντας
706 4019 801 4069 ssvar.
825 4018 876 4069 Pct.
963 4018 996 4068 23
1031 4019 1108 4100 φυχῆ
1139 4018 1243 4100 scripsi3

175 4095 323 4171 respectant
350 4089 416 4140 enim
438 4091 502 4140 haec
524 4088 556 4138 ιδ
579 4088 758 4140 antecedentis
780 4084 860 4157 κωφὰ
885 4087 931 4139 καὶ
954 4082 1044 4156 τυφλὰ
1066 4072 1111 4138 κάλ
1133 4080 1242 4155 ἀψυχα.

177 4152 258 4226 φύσει
275 4155 339 4208 libri

1049 4242 1083 4298 6*
