2842 4724
267 287 287 350 8
758 284 807 333 DE
828 285 850 332 Ε
1263 301 1330 352 μου

267 461 335 522 θέα
357 456 498 534 λελυκὼς
524 454 602 524 οὐδὲ
633 468 705 534 τοῖς
733 457 811 542 περὶ
836 457 895 523 τὸν
918 462 1072 543 Χείρωνα
1098 459 1154 523 καὶ
1170 457 1334 525 Ἄτλαντα

268 572 447 646 σοφιστατς
466 561 689 646 διειλεγμένος
705 557 788 626 άλλὰ
801 565 874 638 νέος
890 559 935 628 τίν
950 563 1006 626 καὶ
1022 562 1142 654 κομιδῆ
1158 563 1333 640 Βοιοίτιος,

269 661 414 750 ἀναιρῶν
435 665 494 751 τήν
516 662 724 751 διαλεκτικήν
738 667 795 729 καὶ
818 665 1004 745 καταγελῶν
1024 665 1084 731 τοῦ
1105 667 1157 729 ‘E‘
1179 666 1218 730 τό
1241 671 1335 751 πρῶ-

267 790 339 846 τον,
371 766 408 832 τό
443 766 596 853 δεύτερον
628 767 788 834 ὑποσπᾶν
821 768 914 843 ἔδοξε
946 773 1007 852 βίᾳ
1031 766 1087 834 τὸν
1108 768 1258 853 τρίποδα
1280 771 1335 834 καὶ

269 869 499 956 διαμάχεσθαι
516 873 601 957 πρὸς
615 871 673 938 τόν
693 871 779 938 θεδν
795 869 877 956 ὑπὲρ
893 873 950 957 τῆς
970 875 1091 957 τέχνης,
1113 872 1190 936 έπεὶ
1207 871 1362 958 προϊάνὸ

268 976 365 1061 γετῷ
386 972 492 1060 χρόνῳ
509 974 564 1038 καί
587 968 682 1051 οὗτος
697 974 784 1040 ἔοικε
805 973 1048 1060 μαντικώτατος
1069 972 1154 1059 όμοῦ
1174 978 1337 1056 γενέσθαι

270 1077 325 1141 καί
348 1074 662 1153 διαλεκτικάτατος.’

355 1183 384 1244 7.
410 1182 631 1264 Παυσαμένου
653 1179 692 1245 δὲ
712 1181 771 1246 τοῦ
794 1177 940 1257 Θέωνος,
961 1178 1215 1247 ΕΥΣΤΡΟΦΟΝ
1231 1179 1338 1267 Ἀθη-

271 1293 368 1350 ναίον
390 1285 485 1368 οίμαι
508 1283 566 1349 τὸν
587 1282 728 1351 είπόντα
749 1288 837 1350 εἶναι
860 1284 945 1371 πρὸς
966 1282 1052 1371 ἡμᾶς
1067 1282 1165 1371 ιδρῆις,
1189 1282 1232 1360 ιδς
1252 1282 1338 1370 άμά-

272 1409 321 1452 νει
343 1388 383 1478 τῆ
405 1385 595 1475 διαλεκτικῇ
618 1390 713 1454 Θέων
735 1387 933 1475 προθύμως,
955 1387 1099 1473 μονονοὺ
1121 1387 1180 1474 τήν
1202 1387 1339 1474 λεοντῆν
1352 1407 1378 1446 1⁰

229 1488 553 1575 Εέπενδυσάμενοςς
588 1486 689 1567 οὕτως
712 1488 784 1557 οὐδ’
811 1489 897 1579 ἡμᾶς
918 1492 994 1568 τοὺς
1016 1489 1127 1557 πάντα
1150 1489 1339 1577 συλλήβδην

273 1591 453 1678 πράγματα
475 1593 531 1658 καὶ
554 1593 671 1679 φάσεις
693 1597 750 1659 καλ
772 1592 874 1681 άρχὰς
896 1600 1002 1662 θείων
1025 1593 1108 1680 όμοῦ
1131 1594 1187 1659 καὶ
1203 1592 1339 1680 ἅνθρω-

274 1700 382 1764 πίνων
414 1696 450 1763 έν
482 1694 620 1784 άριθμῆ
649 1700 864 1782 τιθεμένους,
897 1701 953 1764 καί
987 1699 1073 1765 πολὺ
1101 1696 1248 1784 μάλιστα
1274 1701 1340 1764 τῶν

273 1800 382 1868 καλῶν
404 1800 460 1866 καὶ
488 1805 610 1885 τιμίων
643 1802 762 1868 τοῦτον
787 1799 933 1887 ἡγεμόνα
955 1806 1178 1886 ποιουμένους
1200 1803 1257 1866 καί
1281 1803 1339 1868 κό-

275 1928 357 1990 ριον,
381 1904 468 1981 είκὸς
489 1901 630 1990 ἡσυχίαν
653 1905 756 1985 ἄγειν,
779 1901 854 1969 ἀλλ’
877 1903 1098 1992 ἀπάρξασθαι
1119 1905 1166 1991 τῷ
1188 1908 1261 1991 θεῷ
1284 1907 1341 1991 τῆς
1354 1929 1378 1970 ιτ

275 2008 372 2095 φίλης
395 2010 640 2095 μαθηματικῆς,
662 2008 865 2096 βουλομένης
880 2007 959 2074 αίτδ
982 2009 1043 2094 μὲν
1057 2009 1109 2095 ἐφ’
1124 2007 1244 2074 ἑαυτοῦ
1260 2007 1342 2095 μήτε

275 2110 414 2196 δυνάμει
436 2111 517 2198 μήτε
538 2113 652 2203 μορφῆ
684 2109 764 2198 μήτε
795 2112 842 2198 τῷ
875 2110 995 2198 ῥήματι
1022 2112 1114 2187 τδΕ
1138 2113 1204 2179 τάν
1230 2110 1343 2178 ἄλλων

276 2219 447 2297 στοιχείων
470 2210 666 2300 ἡγούμενον,
701 2211 744 2291 ιός
777 2215 815 2281 δὲ
847 2213 992 2300 μεγάλου
1020 2216 1104 2302 πρὸς
1136 2216 1177 2281 τά
1200 2211 1262 2280 ὅλα
1284 2217 1342 2279 καί

277 2322 392 2404 κυρίου
415 2328 553 2403 σημεῖον
575 2316 726 2403 ἀριθμοῦ
748 2321 950 2404 τετιμῆσθαι
978 2321 1034 2405 τῆς
1058 2316 1253 2403 πεμπάδος,
1283 2317 1342 2405 ἀφ’
1383 2402 1388 2410 ⁴

277 2415 316 2488 οὗ
337 2419 375 2486 τδ
398 2417 560 2506 άριθμείν
587 2417 619 2484 οἳ
654 2422 756 2506 σοφοὶ
784 2419 975 2507 πεμπάζειν
1004 2420 1193 2505 ὥνόμαζον.’
1235 2425 1381 2488 ταῦταιι

234 2538 258 2586 F
277 2526 315 2591 δέ
337 2522 421 2609 πρός
443 2516 530 2609 ἡμᾶς
552 2522 661 2604 ἔλεγεν
682 2521 723 2590 οὐ
743 2523 875 2599 παίζων
897 2523 916 2590 ό
938 2524 1139 2612 Εὔστροφος,
1168 2523 1241 2593 ἀλλ’
1265 2526 1342 2592 έπεί

276 2628 454 2715 τηνικαίτα
476 2631 699 2714 προσεκείμην
726 2640 797 2705 τοῖς
823 2628 1024 2716 μαθήμασιν
1046 2629 1226 2715 έμπαθοίς,
1258 2629 1344 2713 τάχα

277 2733 298 2798 δ
305 2733 313 2760 ’
336 2730 472 2817 ἔμελλον
495 2733 543 2807 είς
564 2730 676 2797 πάντα
697 2730 852 2818 τιμήσειν
873 2732 912 2798 τό
933 2733 1050 2819 ιμηδὲν
1072 2732 1168 2814 άγαν’
1192 2733 1229 2800 έν
1245 2731 1344 2801 Ἀκα-

278 2836 398 2922 δημείᾳ
420 2833 601 2920 γενόμενος.

363 2957 393 3022 8.
430 2960 537 3022 Εἶπον
566 2953 626 3023 οὖν
652 2955 814 3024 κάλλιστοι
839 2958 896 3023 τόν
918 2956 1114 3045 Εὔστροφον
1135 2961 1181 3044 τῷ
1202 2956 1344 3048 άριθμῆ
1358 2990 1384 3031 ιτ

364 3198 380 3250 3
398 3199 423 3252 εἰ
440 3198 551 3261 ῠίἰΙιοεε,
569 3198 612 3249 sod
625 3200 639 3249 ἒ
653 3196 758 3250 videtur
776 3212 832 3248 εεεο
844 3197 870 3248 in
885 3199 1000 3249 omnibus
1013 3199 1088 3251 libris
1123 3195 1186 3251 4τδ
1206 3196 1347 3270 δεύτερον]

277 3267 308 3320 τδ
327 3269 401 3319 deest
418 3258 645 3330 ἰοΡι1.;κα1τδ,
664 3266 730 3332 quod
743 3265 889 3332 conjecerat
901 3266 1046 3349 Emporias,
1066 3275 1107 3319 est
1124 3268 1148 3317 in
1161 3267 1191 3319 E.
1226 3268 1242 3318 6
1260 3265 1348 3328 οὕτως

278 3338 299 3389 F
311 3335 464 3402 (flahtom
475 3335 535 3386 Vnt.
573 3336 600 3386 11
622 3327 706 3391 οὕτως
715 3333 748 3385 W
769 3340 813 3386 tt.=
827 3330 906 3386 οίπω
919 3333 929 3402 ΙΙ
940 3337 1014 3403 υμᾶς
1026 3337 1120 3388 Roiske
1133 3342 1234 3402 praetor
1252 3353 1345 3389 neces-

280 3406 382 3457 sitatum
437 3405 467 3456 12
486 3397 670 3474 ἀνθρωπίνων
686 3401 738 3453 Vl?
778 3403 812 3453 nl.
831 3431 864 3442 -
881 3405 968 3455 πείων
986 3403 1021 3456 V³
1039 3412 1066 3456 ot
1082 3405 1140 3456 rell.
1192 3405 1222 3455 14
1240 3403 1348 3458 τούτων

279 3473 400 3525 FAvat.
412 3473 464 3523 Pet.
475 3473 532 3524 ΔΙδ.
570 3471 600 3524 15
620 3467 693 3528 εἰκὸς
709 3471 788 3522 Turn.
802 3472 877 3524 Vulc.
896 3468 975 3528 εἰδώς
1011 3473 1043 3526 16
1060 3474 1226 3539 βουλομένης
1237 3475 1346 3541 εοείμοίς

279 3541 456 3609 βουλομένοις
464 3539 518 3592 Pal.
537 3541 649 3610 μένους
669 3538 726 3591 W
735 3538 771 3592 V³
780 3539 833 3591 ΑΕ
847 3541 905 3593 Vnt.
919 3539 973 3592 Pet.
996 3544 1067 3593 deest
1090 3545 1115 3592 iu
1134 3541 1155 3592 D
1166 3541 1200 3593 V1
1211 3541 1240 3590 Fl
1263 3548 1272 3600 ΙΙ
1298 3539 1347 3611 ἀφ’

280 3608 378 3663 ἑαυτοῦ
393 3608 449 3662 Pal.
465 3609 499 3662 V³
552 3610 584 3660 17
600 3605 631 3660 τὸ
650 3611 664 3661 ἒ
681 3607 733 3659 DV
746 3607 799 3658 Pal.
818 3610 855 3677 τῷ
873 3612 886 3661 ἓ
907 3610 964 3660 rell.
1020 3610 1051 3660 18
1067 3602 1220 3677 ἡγεόμενον
1238 3612 1346 3678 scripsi:

280 3675 430 3746 ἡγούμενος
443 3678 508 3732 DV¹
525 3672 693 3745 ἡγουμένους
706 3677 725 3727 F
746 3678 811 3734 (εδδ.
824 3676 967 3744 διαφέρειν
980 3693 1031 3728 sec.
1044 3683 1088 3742 m.)
1107 3677 1250 3749 διαφέρειν
1266 3676 1349 3747 ἡγου-

280 3746 381 3814 μένους
392 3747 451 3798 rell.
475 3746 542 3798 (λινε
561 3760 591 3796 ne
604 3745 734 3815 Xylnndri
746 3741 911 3814 ἡγουμένους
929 3745 958 3799 δὲ
976 3741 1012 3803 ὥς
1024 3747 1073 3808 (ita
1093 3747 1169 3799 otiam
1187 3748 1213 3797 in
1233 3747 1348 3799 editione

282 3831 328 3866 τοι
346 3815 463 3881 scripsit)
482 3830 528 3881 pro
547 3815 644 3866 codicis
663 3815 790 3880 scriptura
807 3815 915 3867 habeas:
934 3816 998 3865 dicit
1016 3814 1070 3880 ipse
1089 3816 1202 3866 codicem
1213 3831 1287 3867 suum
1299 3819 1347 3868 Ιιοο

282 3883 371 3935 libello
399 3899 489 3935 οετοεο
535 3883 566 3935 18
585 3885 631 3933 καὶ
646 3884 740 3934 hubent
758 3886 809 3936 soli
827 3882 881 3935 Pal.
901 3882 936 3935 V8
981 3883 1011 3934 19
1028 3884 1193 3949 τετιμῆσθαι
1211 3883 1348 3936 nv1ssF1

281 3968 389 4024 προτετ.
402 3953 459 4003 rell.
473 3950 482 4020 ΙΙ
496 3943 651 4020 πεμπάδος]
667 3953 703 4002 ita
714 3951 746 4002 111
754 3941 889 4009 πεντάδος
899 3950 959 4005 V¹E
968 3943 1129 4069 περΐπτάδος
1142 3951 1200 4003 rell.
1236 3953 1268 4003 20
1283 3969 1348 4005 πεν-

282 4020 371 4079 ταζειν
383 4022 454 4082 (haec
473 4021 602 4086 scriptura
621 4027 661 4071 τοι
679 4020 756 4073 etiam
773 4022 800 4075 1ο
813 4020 844 4049 ““
1058 4018 1090 4069 23
1108 4017 1147 4086 δέ,
1154 4020 1260 4089 μέλλων
1270 4021 1347 4073 libri:

284 4086 780 4159 οοεε.1ἶοίι1υ1δὴμέλλωυ11ίη111“
1012 4084 1306 4141 Ιτοοεε.11οεοιεδε1ἰε
1344 4116 1348 4123 -
