2842 4724
207 301 247 365 62
614 296 664 346 Du
683 295 856 346 DEFEOTU
1199 322 1220 363 p.
1231 314 1269 352 410

206 475 273 539 ἐκεῖ
290 472 477 559 προφητῶν.
516 469 591 535 ὥστ’
614 467 695 535 ἀλλο
718 495 749 534 τι
765 469 805 555 δή
821 474 1021 556 γεγωνητέον
1036 471 1122 557 πρός
1137 467 1267 549 αὐτούς,

162 581 234 645 Fui
255 575 450 661 βουλόμεθα
472 577 519 661 τῷ
541 571 623 661 ἡλίῳ
646 573 730 639 κατά
752 574 793 638 τά
813 573 940 660 πάτρια
959 574 1018 659 τήν
1033 578 1269 660 νενομισμένην

201 682 295 757 τάξιν
318 678 538 765 ἀπαράβατον
560 682 583 757 †
607 680 745 742 ποιοῦσι
765 677 806 759 †.’

287 789 317 848 4.
354 784 473 867 Παρόν
493 778 551 847 οὖν
571 776 783 866 ἀνεφω’νησεν
797 778 1023 848 ΑΜΜΩΝΙΟΣ
1046 776 1270 868 όφιλόσοφος

203 888 252 954 *οὐ
275 892 320 974 τῷ
343 887 425 973 ἡλίῳ
449 886 551 971 μόνον
567 880 652 961 εἶπέ,
677 881 762 949 ἀλλά
777 887 822 970 τῷ
839 881 967 969 οὐρανῷ
985 890 1096 949 παντί.
1135 885 1292 950 συστέλ-ι

202 995 324 1058 λεσθαι
347 990 410 1076 γάρ
433 987 556 1073 ἀνάγκη
580 986 638 1073 τήν
660 985 729 1052 ἀπό
751 989 883 1072 τροπῶν
899 988 957 1052 ἐπὶ
972 987 1102 1070 τροπάς
1118 987 1269 1073 πάροδον

130 1103 181 1154 411
203 1092 303 1161 αὐτοῦ
334 1095 389 1158 καὶ
412 1092 456 1178 μὴ
479 1093 651 1175 διαμένειν
672 1092 845 1176 τηλικοῦτο
868 1095 966 1176 μέρος
990 1087 1094 1157 οὖσαν
1115 1095 1175 1157 τοῦ
1198 1088 1268 1177 όρί-

205 1198 315 1275 ζοντος
347 1195 460 1282 ἡλίκον
492 1194 525 1260 οἳ
553 1194 785 1280 μαθηματικοὶ
812 1194 977 1275 λέγουσιν,
1011 1193 1081 1258 ἀλλ’
1109 1194 1268 1262 ἐλάττονα

202 1305 395 1383 γίγνεσθαι,
430 1297 482 1362 ἀεὶ
517 1299 600 1384 πρός
633 1299 673 1362 τά
700 1295 816 1381 βόρεια
843 1300 907 1363 τῶν
934 1302 1052 1364 νοτίων
1075 1296 1269 1386 συναγωγήν

203 1401 453 1488 λαμβανόντων,
477 1403 532 1466 καὶ
555 1402 591 1467 τό
615 1404 715 1484 θέρος
737 1398 817 1486 ἡμῖν
840 1401 1039 1485 βραχύτερον
1061 1403 1116 1466 καὶ
1140 1402 1267 1489 ψυχρά·
1280 1423 1302 1462 1⁰

203 1531 296 1595 τερον
319 1510 407 1572 εἶναι
430 1507 488 1591 τήν
510 1507 640 1590 κράσιν,
669 1504 828 1587 ἐνδοτέρω
857 1503 1065 1588 κάμπτοντος
1089 1503 1191 1571 αὐτοῦ
1213 1508 1268 1571 καλ

204 1609 365 1695 μειζόνων
396 1607 615 1692 παραλλήλων
645 1608 878 1694 ἐφαπτομένου
907 1619 977 1684 τοίς
1006 1621 1181 1696 τροπικοῖς
1210 1628 1267 1696 ση-

203 1718 325 1798 μείοις·
349 1714 397 1778 ε”τι
421 1714 458 1776 δὲ
480 1712 555 1788 τούς
570 1713 630 1795 μὲν
645 1712 680 1776 έν
696 1710 803 1797 Συήνη
819 1709 988 1795 γνώμονας
1004 1709 1139 1789 ἀσκίους
1154 1713 1267 1800 μηκέτι

204 1815 388 1902 φαίνεσθαι
413 1818 490 1902 περὶ
513 1815 638 1900 τροπάς
660 1814 799 1899 θερινάς
822 1813 966 1891 πολλοὺς
980 1815 1018 1880 δέ
1032 1813 1267 1903 ὑποδεδραμη-

203 1924 296 1986 κέναι
318 1923 382 1985 suiv
405 1917 563 1985 ἀπλανῶν
584 1917 743 2001 ἀστέρων,
768 1918 875 1994 ένίους
890 1919 927 1982 δὲ
941 1915 1066 2005 ψαόειν
1081 1920 1138 1984 καὶ
1154 1939 1267 2002 συγκε-
1279 1946 1301 1984 τε

204 2025 330 2105 χόσθαι
364 2024 448 2107 πρὸς
482 2019 654 2108 ἀλλήλους,
688 2022 747 2086 τοῦ
775 2021 1000 2106 διαστήματος
1027 2021 1266 2102 ἐκλελοιπότος.

164 2129 234 2196 Bel
263 2128 295 2193 δ’
326 2124 369 2192 αὖ
397 2125 542 2213 φήσουσι
570 2128 634 2191 τῶν
662 2124 770 2190 ἀλλων
797 2122 921 2209 ὁμοίως
947 2125 1089 2208 ἐχόντων
1115 2124 1269 2195 ἀτακτεῖν

203 2233 275 2307 ταῖς
312 2232 461 2316 κινήσεσι
499 2231 555 2295 τόν
592 2225 699 2314 ἡλιον,
739 2226 813 2293 οὔτε
848 2230 907 2314 τήν
942 2229 1045 2312 μόνον
1081 2234 1201 2298 τοῦτον
1233 2232 1267 2296 ἐκ

203 2333 370 2399 τοσοότων
406 2330 670 2413 ἐπιταχύνουσαν
707 2334 820 2396 αἰτίαν
852 2327 961 2399 εἰπεῖν
995 2335 1106 2409 ἕξουσι
1139 2336 1195 2399 καὶ
1228 2336 1267 2399 τά

204 2434 314 2503 πολλά
333 2441 399 2502 τῶν
418 2442 628 2524 φαινομένων
648 2435 901 2519 συνταράξουσι,
922 2438 964 2501 τά
978 2437 1015 2502 δὲ
1032 2440 1115 2522 πρὸς
1131 2439 1267 2525 σελήνην
1280 2465 1302 2505 ιο

204 2542 260 2605 καὶ
293 2539 522 2618 παντάπασιν,
556 2536 637 2605 ὥστε
670 2540 714 2626 μή
747 2539 887 2604 δεῖσθαι
915 2545 1042 2626 μέτρων
1069 2542 1185 2608 ἐλαίου
1211 2543 1267 2629 τὴν

204 2645 372 2730 διαφοράν
394 2644 601 2725 ἐλεγχόντων.
636 2645 673 2710 αλ
694 2647 757 2730 γάρ
780 2645 946 2730 ἐκλείψεις
961 2645 1151 2727 ἐλέγξουσιν
1166 2645 1266 2713 αὐτοῦ

203 2773 238 2811 τε
259 2748 298 2838 τῇ
322 2743 438 2832 σελήνη
463 2746 638 2822 πλεονάκις
660 2746 900 2832 ἐπιβάλλοντος
921 2749 976 2813 καὶ
999 2753 1058 2835 τῆς
1078 2747 1216 2837 σελήνης
1230 2752 1266 2840 τή

205 2851 282 2937 <τής
309 2849 387 2936 γῆς)
412 2854 502 2930 σκιᾷ,
537 2852 580 2914 τὰ
602 2851 637 2915 δ’
662 2850 745 2916 ἀλλα
768 2850 851 2938 ἀήλα
874 2853 930 2915 καὶ
954 2851 1050 2918 οὐδὲν
1072 2853 1126 2918 ἀεί
1149 2878 1265 2938 περαι-

202 2958 284 3039 τέρω
307 2953 366 3038 τήν
389 2950 585 3028 ἀλαζονείαν
607 2959 664 3019 τοῦ
687 2953 786 3036 λόγου
802 2956 996 3021 διελίττειν]
1034 2953 1131 3022 λάλλά
1152 2955 1228 3044 μήν’
1248 2955 1299 3025 ότι

96 3102 98 3111 ·
202 3055 515 3124 ΚΛΕΟΜΒΡΟΤΟΣ
538 3057 600 3144 ἔφη
624 3062 689 3122 ικαὶ
713 3060 748 3124 τό
766 3065 885 3145 μέτρον
902 3057 1014 3135 αὐτοῖς
1030 3062 1135 3127 εἶδον
1161 3062 1268 3127 πολλὰ

290 3228 302 3278 1
330 3219 365 3290 όὴ
391 3225 554 3292 γεγωνητέον
580 3226 685 3290 scripsi:
716 3222 855 3292 ληγόντων
883 3226 941 3278 Vnt.
963 3225 1016 3276 Pet.
1051 3223 1185 3295 λεγόντων
1212 3229 1265 3279 rell.

202 3295 322 3361 λέγωμεν
349 3294 414 3358 eunj.
429 3293 561 3344 Turnebus
643 3295 658 3344 3
687 3293 802 3346 ποιοῦσι
820 3294 962 3346 DVBurb.
981 3296 1056 3359 (ἧσαι
1083 3297 1265 3363 superscripsit

203 3379 241 3428 pr.
255 3365 299 3426 ιιι.)
311 3365 329 3413 Β
340 3362 392 3415 FA
404 3363 461 3414 Vnt.
471 3361 522 3412 Pet.
538 3362 654 3426 ποιήσαι
663 3363 749 3413 Αιιιλιτ.
765 3364 792 3413 λλ.
805 3365 898 3415 ποιεῖν
909 3362 975 3427 uunj.
986 3365 1123 3417 Leonibus.
1146 3365 1180 3413 lle
1194 3381 1265 3435 περι-

203 3432 292 3481 σῶσαι
305 3430 459 3495 cogitabam
479 3447 543 3480 nuuc
558 3433 703 3497 praeplacet
718 3432 816 3482 Hiulssii
828 3433 987 3500 κυροῦσθαι.
1043 3435 1058 3484 5
1077 3433 1142 3486 εἰπέ
1152 3433 1264 3498 Madvig:

203 3497 280 3619 llll
305 3497 325 3619 λλ
342 3497 649 3636 liltt'lll'll‘u
668 3496 1077 3625 filli⁰lltlll¹lfi⁰¹⁵l²
1091 3503 1145 3622 lt·
1158 3504 1266 3624 ἀλλ

204 3605 276 3688 Βιτλι.
312 3586 487 3706 ψυχροτέραιλ
503 3637 561 3687 rell.
644 3588 675 3688 ληθ
692 3586 849 3690 teupernus.
866 3633 935 3709 πρὸς
952 3579 1095 3691 ἀλλλλχρ
1125 3588 1157 3693 λλ
1181 3638 1265 3710 μόνον
1336 3624 1340 3634 ’

203 3706 351 3758 Turnebus:
376 3695 467 3772 μόνην
496 3703 505 3772 ΙΙ
533 3701 636 3758 τούτων
654 3706 788 3759 V1rtnbr.
825 3707 922 3760 τοῦτον
939 3707 1125 3776 (superscripto
1145 3711 1177 3772 ω)
1195 3707 1263 3760 barb.

205 3773 236 3825 19
254 3776 343 3825 κολ-
352 3768 552 3843 συνταράξουσι
571 3777 662 3826 desunt
680 3777 706 3825 iu
724 3775 744 3826 F
757 3775 775 3824 Ε
789 3775 847 3827 Vnt.
895 3776 924 3827 21
944 3777 1049 3847 μέτρων
1066 3777 1102 3828 V³
1115 3780 1186 3829 Burb,
1206 3777 1263 3843 (see.

203 3847 247 3904 uu.)
267 3844 315 3895 BA
334 3844 397 3906 (sue.
421 3846 463 3906 su.)
482 3842 548 3894 Pes:
566 3844 667 3912 μέτρον
686 3843 717 3894 Vl
738 3844 811 3894 Bnrb.
830 3845 879 3911 (pr.
898 3846 940 3907 m.)
960 3847 982 3896 Α
1001 3850 1049 3912 (pr.
1069 3848 1112 3912 nr.)
1131 3855 1157 3898 et
1175 3844 1264 3912 reliqui

205 3911 236 3960 22
254 3905 384 3963 αὐτοῦτὸ
402 3912 435 3982 τῇ
455 3911 607 3963 uwuarb.
695 3913 727 3962 24
744 3912 789 3976 τῆς
805 3911 855 3979 γῆς
872 3913 928 3964 add.
941 3913 1034 3965 Reislse
1065 3913 1074 3982 ΙΙ
1103 3913 1135 3966 τά
1155 3913 1181 3966 δ’
1201 3909 1263 3966 ἀλλα

204 3977 273 4042 δῆλοι
285 3980 451 4032 Witteubucb
463 3982 548 4044 (utque
562 3982 597 4032 itu
607 3979 661 4031 fere
672 3980 788 4043 lluisbel:
802 3977 834 4029 τά
848 3980 876 4032 δ’
890 3977 990 4046 ἀλλήλω
1001 3983 1062 4033 libri
1076 3993 1184 4051 exceptu
1195 3984 1215 4034 u
1225 3982 1263 4050 qui

203 4044 235 4098 τὰ
255 4046 283 4098 β’
297 4043 363 4100 ἀλλα
399 4050 431 4098 25
449 4047 598 4112 διελίττειν]
614 4048 808 4118 ἀιελέγχειναλ,
822 4048 955 4101 Turnebus
992 4053 1023 4101 26
1043 4046 1138 4108 αὗτοῖς
1158 4055 1176 4102 λλ
1193 4052 1259 4102 Burb.

205 4116 291 4167 Ambr.
306 4120 390 4167 Anuu.
411 4119 435 4167 iu
457 4117 547 4167 Allius
569 4118 636 4168 Budl.
673 4116 753 4176 αὐτὸς
772 4119 832 4168 libri
853 4119 954 4184 reliqui,
