2842 4724
284 277 328 341 76
699 274 749 323 DE
768 272 943 338 DEFEOTU
1284 292 1354 342 μοι

284 450 407 535 μεταξύ
438 452 496 535 γής
522 449 578 513 καὶ
606 447 760 534 σελήνης,
790 447 826 514 ἓν
853 451 943 532 μέσῳ
971 450 1076 534 κενής,
1090 449 1147 513 καὶ
1174 447 1355 521 ἀσυνδέτου

284 553 390 639 χιῦρας
413 557 589 638 γενομένης
610 554 669 638 τήν
691 549 828 637 ἑνότητα
852 537 1004 616 διαλύσει
1028 551 1084 615 καὶ
1106 553 1165 623 τήν
1180 558 1356 619 κοινωνίαν

284 660 342 723 τοῦ
370 657 508 734 παντός,
536 645 643 731 οὕτως
667 653 700 721 οἳ
723 654 893 738 δαιμόνων
916 658 1009 735 γένος
1032 657 1076 741 μή
1100 653 1354 735 ἀπολείποντες,

284 759 487 848 ἀνεπίμικτα
516 759 557 825 τά
589 761 655 824 τοῦν
687 760 778 823 θεῶν
809 758 864 822 καὶ
898 755 1092 843 ἀνθρώπων
1125 761 1269 824 ποιοῦσι
1302 760 1356 824 καὶ

98 880 185 936 (²⁶⁰⁰)
284 862 526 941 ἀσυνάλλακτα,
559 864 619 949 τήν
640 848 883 948 ἑρμηνευτικήν,
919 859 962 938 οῦς
975 860 1126 928 ’Πλάτων
1148 855 1274 944 ἔλεγεν,
1303 863 1378 927 καὶι

242 967 478 1053 Ρδιακονικήν
505 964 717 1053 ἀναιροῦντες
739 965 856 1052 φύσιν,
890 964 910 1052 ἢ
933 965 1044 1032 πάντα
1066 964 1186 1051 φύρειν
1209 963 1281 1051 άμα
1303 968 1355 1031 καῖ

283 1068 455 1155 ταράττειν
484 1067 730 1150 ἀναγκάζουσιν
760 1067 845 1154 ήμάς
872 1081 943 1144 τοῖς
970 1066 1203 1154 ἀνθρωπίνοις
1225 1071 1355 1136 πάθεσι

285 1174 341 1237 καὶ
371 1173 547 1258 πράγμασι
575 1169 634 1238 τδν
663 1173 747 1238 θεὸν
776 1172 1016 1256 ἐμβιβάζοντας
1038 1174 1095 1237 καὶ
1118 1176 1356 1250 κατασπῶντας

285 1276 343 1341 ἐπὶ
366 1277 424 1352 τάς
445 1281 569 1362 χρείας,
594 1274 706 1361 ὥσπερ
729 1274 765 1340 αλ
783 1272 948 1341 Θετταλαὶ
967 1275 1117 1357 λέγονται
1133 1277 1194 1362 τήν
1210 1276 1355 1363 σελήνην.

213 1392 265 1446 417
286 1378 355 1448 ἀλλ’
384 1379 518 1446 ἐκείνων
547 1379 607 1462 μὲν
636 1379 673 1445 ἐν
699 1379 829 1460 γυναιξὶ
856 1379 893 1445 τὸ
915 1382 1105 1465 πανοῦργον
1127 1379 1203 1462 ἔσχε
1226 1385 1353 1459 πίστιν,
1366 1406 1387 1445 ιι

280 1465 492 1569 ’Λγλαονίκης
510 1486 567 1569 τής
579 1481 768 1569 Ἡγήτορος,
793 1479 835 1558 ὥς
850 1500 968 1570 φασιν,
992 1480 1229 1570 ἀστρολογικῆς
1243 1508 1354 1566 γυναι·

285 1586 354 1666 κύς,
386 1586 422 1653 ἐν
454 1587 602 1673 ἐκλείψει
637 1586 771 1672 σελήνης
798 1584 851 1651 ἀεὶ
875 1591 1167 1673 προσποιουμένης
1188 1586 1355 1674 γοητεύειν

285 1692 340 1757 καὶ
377 1694 559 1776 καθαιρεῖν
594 1687 703 1775 αάτήν.
761 1688 855 1776 ἡμεῖς
889 1691 926 1756 δὲ
959 1690 1041 1777 μήτε
1075 1697 1234 1776 μαντείας
1267 1693 1355 1768 τινάς

284 1789 489 1868 ἀθειάστους
530 1796 616 1859 εἶναι
654 1794 808 1873 λέγοντας
843 1793 864 1879 ἢ
901 1792 1029 1871 τελετὰς
1065 1795 1120 1860 καὶ
1158 1789 1355 1882 ῦργιασμούς

284 1896 527 1984 ἀμελουμένους
553 1891 623 1962 ῦπδ
654 1898 744 1962 θοῦν
774 1894 959 1980 ἀκούωμεν·
994 1896 1067 1983 μήτ’
1096 1894 1138 1963 αῦ
1166 1898 1273 1966 πάλιν
1300 1895 1387 1965 τδνιι

283 2001 368 2067 θεὸν
395 2000 430 2067 ἐν
457 1998 588 2077 τούτοις
617 1997 888 2086 ἀναστρέφεσθαι
919 2000 975 2065 καὶ
1003 2012 1163 2087 παρεῖναι
1192 2002 1248 2066 καὶ
1276 2020 1353 2088 συμ·

284 2103 584 2188 πραγματεύεσθαι
608 2101 810 2187 δοξάζωμεν,
837 2100 907 2169 ἀλλ’
931 2103 981 2180 οἷς
1004 2102 1138 2170 δίκαιόν
1160 2104 1232 2170 ἐστι
1254 2108 1354 2172 ταῦτα

283 2209 486 2292 λειτουργοῖς
529 2209 622 2272 θεῶν
665 2201 882 2283 ἀνατιθέντες
925 2204 1037 2293 ὥσπερ
1082 2205 1264 2294 ὑπηρέταις
1301 2211 1354 2274 καὶ

284 2312 527 2395 γραμματεῦσι,
574 2310 736 2395 δαίμονας
776 2309 962 2395 νομίζωμεν
999 2310 1208 2389 ἐπισκόπους
1247 2314 1353 2394 [θεῶν]

285 2413 382 2497 ἱεροῦν
406 2413 462 2477 καὶ
484 2417 673 2499 μυστηρίων
696 2411 886 2499 ὀργιαστάς,
921 2412 1040 2490 ἄλλους
1074 2414 1111 2479 δὲ
1140 2416 1206 2480 τοῦν
1233 2411 1385 2502 ῦπερη-ῖυ

244 2532 265 2581 Β
285 2515 402 2602 φάνων
428 2516 485 2581 καὶ
507 2516 658 2601 μεγάλων
679 2517 844 2602 τιμωρούς
866 2515 1008 2584 ἀδικιῶν
1030 2517 1238 2604 περιπολεῖν.
1283 2520 1353 2596 τοῦς

71 2638 223 2694 (onnam)
284 2620 321 2685 δὲ
355 2618 443 2686 πάνυ
477 2622 602 2704 σεμνῶς
636 2618 828 2697 δἩσίοδος
851 2618 989 2701 “ἀγνούς’
1011 2633 1179 2706 προσεῖπε
1203 2625 1351 2690 (πλουτο-

283 2721 398 2799 δότας,
421 2724 477 2788 καὶ
499 2726 596 2789 τοῦτο
618 2727 715 2811 γέρας
737 2722 914 2811 βασιλήιον
936 2723 1089 2806 ἔχοντας’,
1110 2723 1154 2803 ιῦς
1177 2729 1352 2810 βασιλικοῦ

283 2829 341 2892 τοῦ
364 2822 401 2892 εῦ
424 2838 540 2894 ποιεῖν
562 2825 666 2903 ὄντος.
711 2828 778 2892 εἰσὶ
810 2825 886 2913 γάρ,
921 2826 963 2905 (ῦς
991 2828 1026 2895 ἐν
1054 2826 1265 2913 ἀνθρώποις,
1300 2831 1352 2896 καί

283 2931 444 3017 δαίμοσιν
466 2929 581 3016 ἀρετής
604 2931 768 3016 διαφοραὶ
791 2933 847 2995 καὶ
869 2932 928 2997 τοῦ
950 2934 1146 3018 παθητικοῦ
1159 2935 1216 2998 καὶ
1233 2929 1382 3016 άλύγουιε

282 3046 353 3111 τοῖς
375 3035 436 3119 μὲν
457 3032 599 3110 ἀσθενὲς
622 3034 678 3098 καὶ
701 3031 849 3119 ἀμαυρδν
868 3035 917 3099 ἔτι
933 3035 1096 3118 λείψανον
1112 3033 1229 3123 ὥσπερ
1242 3044 1351 3125 περίτ-

281 3162 388 3222 τωμα,
415 3148 483 3214 τοῖς
505 3138 542 3202 δὲ
565 3136 652 3202 πολύ
675 3139 729 3201 καὶ
753 3137 1040 3222 δυσκατάσβεστον
1055 3140 1195 3218 ἔνεστιν,
1219 3137 1266 3207 οῦν
1280 3147 1350 3228 ἴχνη

282 3243 338 3305 καὶ
362 3240 513 3325 σύμβολα
536 3238 704 3322 πολλαχοῦ
719 3239 842 3305 θυσίαι
858 3242 914 3305 καὶ
929 3241 1056 3307 τελεταὶ
1072 3244 1128 3307 καὶ
1143 3245 1350 3326 μυθολογίαι
1398 3250 1401 3256 ’

283 3340 428 3431 σιβζουσι
451 3343 507 3408 καὶ
530 3341 814 3429 διαφυλάττουσιν
836 3344 1122 3432 ἐνδιεσπαρμένα.>

287 3517 316 3531 »ΝΚ
319 3517 329 3529 Ν
332 3516 612 3530 &mmmmm

367 3623 382 3672 ’ί
400 3620 507 3676 πάθεσι
518 3622 565 3672 καί
576 3618 680 3675 πάθεσι
694 3623 766 3675 Βιείι.
792 3620 939 3712 πράγμασι
950 3624 997 3676 καὶ
1009 3616 1115 3677 πάθεσι
1126 3643 1144 3674 v
1198 3627 1227 3679 11
1243 3624 1350 3696 Ἀγλαο-

281 3696 364 3758 vtum}
381 3687 519 3760 Ἀγανίκης
541 3691 611 3741 τοῦδ.
629 3692 734 3758 ρ.145ο
765 3691 774 3759 Η
804 3711 839 3750 ως
861 3695 955 3762 φασιν]
984 3676 1021 3746 ὧν
1043 3708 1110 3763 φησι
1132 3695 1207 3745 ΒεεΙι.
1242 3696 1349 3748 Latetue

282 3762 399 3813 οΙίιοίοοο
423 3753 602 3830 Ιὸμφισσαεῖ
684 3760 714 3812 13
742 3757 816 3817 τινὰς
838 3790 871 3798 -
893 3762 1031 3829 λέγοντας]
1056 3762 1140 3815 τινῶν
1160 3791 1196 3825 -,
1219 3756 1350 3834 λεγόντων

283 3831 368 3881 Αωίιι.
387 3825 471 3893 (τινὰς
488 3857 522 3866 -
541 3818 676 3896 λεγόντων
695 3829 787 3880 Aldina
811 3837 845 3891 οι,
871 3837 900 3880 ut
918 3831 1031 3894 videtur,
1052 3831 1093 3893 F),
1119 3838 1195 3897 utque
1214 3833 1250 3884 itt
1269 3834 1349 3885 malim

284 3898 315 3950 19
331 3899 406 3951 θεῶν
423 3898 533 3961 εεοίοεί;
553 3899 638 3950 θείων
658 3896 757 3960 Reiske,
775 3899 820 3949 sed
837 3901 901 3949 θεῖα
920 3894 980 3964 ἱερὰ
1000 3915 1048 3949 non
1067 3899 1186 3962 intelligo
1240 3902 1270 3952 21
1292 3897 1350 3958 τοῦς

282 3965 319 4029 δὲ]
339 3961 384 4024 οῦς
401 3962 436 4031 δὴ
454 3966 578 4017 Μετίιίεο
601 3965 643 4031 qui
661 3966 722 4015 haec
740 3973 798 4031 post
816 3963 965 4035 ὀργιαστάς
982 3968 1094 4018 collocat
1164 3968 1197 4019 24
1221 3970 1276 4021 είσί
1297 3967 1349 4037 γὰρ

281 4016 699 4155 ἓλίὲ.ἒῗ.ἷίύ’3’ἔῦῗὲίῗθ
716 4034 1347 4155 ‘¹'·2⁷8⁸’530135·‡2¹³5:5b12220¹3{:5⁹·'W'¹
