2842 4724
176 275 219 345 94
454 230 458 236 ⁵
590 275 640 332 oo
658 274 833 333 corporo
1174 298 1240 353 ,μ

174 455 255 541 μήτε
278 455 338 521 δύο
361 455 442 543 μήτε
465 454 624 531 πλείονας
646 458 732 521 εἶναι
756 453 910 544 κόσμους,
938 448 1014 524 ἄλλ’
1043 463 1102 524 ἕνα
1128 463 1240 525 τοῦτον

175 560 210 624 έκ
224 562 280 644 τῆς
296 557 413 634 οὐσίας
428 557 561 644 ἁπάσης
578 565 801 644 συγκείμενον,
826 559 1005 646 ἱδρυμένον
1025 562 1111 627 κατὰ
1132 562 1240 648 φύσιν,

176 661 219 740 ιδς
241 663 402 749 προσήκει
425 675 499 739 ταῖς
520 666 586 730 τῶν
608 663 771 749 σωμάτων
794 666 996 752 διαφοραῖς]

260 771 311 832 26.
345 764 458 832 ’Ἀλλὰ
489 771 546 832 καὶ
579 770 683 833 ταῦτα
716 772 874 846 πιθανῶς
900 768 1025 854 μᾶλλον
1059 769 1079 855 ἢ
1106 765 1241 856 α’ληθός

179 874 321 957 εἴρηται·
345 871 466 938 σκόπει
489 872 526 936 δέ
549 869 666 946 οὕτως’
689 871 774 958 ἔφην
797 870 836 936 ‘ci
859 872 936 958 φίλε
959 872 1140 960 Δημήτριε.
1181 878 1262 939 coiri

134 973 1242 1069 MQwfflmwfimefflwmwwme

175 1079 278 1160 λέγων
299 1079 341 1143 τὰ
362 1079 400 1144 δὲ
415 1077 482 1145 ἇπδ
505 1082 564 1145 τοῦ
580 1084 683 1164 μέσου
705 1080 761 1143 καὶ
777 1079 845 1146 ἄνω
869 1081 910 1145 τὰ
924 1082 962 1145 δὲ
985 1082 1064 1166 περὶ
1079 1082 1117 1146 τό
1141 1081 1242 1166 μέσον

176 1184 232 1248 καὶ
255 1182 374 1269 κύκλῳ,
397 1186 482 1267 πρὸς
504 1188 536 1246 τί
558 1181 780 1267 λαμβάνοιτο
803 1188 922 1269 μέσον,·
956 1181 994 1248 οὐ
1027 1183 1140 1269 δήπου
1162 1186 1243 1270 πρός

175 1287 213 1350 τό
236 1285 343 1352 κενόν·
368 1284 406 1352 οδ
434 1289 496 1370 γὰρ
526 1286 595 1351 ἔστι
625 1289 698 1350 κατ’
730 1284 838 1353 αὐτόν.
884 1291 967 1353 καθ’
998 1286 1055 1364 οὓς
1083 1288 1116 1353 δ’
1142 1289 1239 1368 ἔστιν,

176 1387 234 1455 οὗκ
251 1390 317 1472 ἔχει
332 1394 443 1472 μέσον,
467 1386 578 1473 ὥσπερ
602 1388 679 1455 οὐδὲ
699 1394 832 1478 πρῶτον
847 1389 920 1457 οὐδ’
937 1391 1090 1474 ἔσχατον
1117 1388 1269 1478 πέραταίι

175 1494 237 1578 γὰρ
259 1497 371 1568 ταῦτα,
405 1492 443 1560 τό
473 1496 509 1559 δ’
530 1493 673 1579 ἄπειρον
704 1497 761 1560 καὶ
788 1493 1012 1580 ἀπεράτωτον.
1058 1499 1089 1561 τί
1123 1498 1161 1562 δὲ
1190 1498 1240 1561 καὶ

176 1597 336 1681 βιάσαιτό
368 1623 419 1674 τις
452 1596 560 1673 αὐτόν,
595 1598 693 1680 λόγου
720 1605 779 1684 βίᾳ
807 1600 1011 1685 κινούμενον,
1045 1599 1187 1686 ἄπειρόν
1212 1627 1240 1666 τι

177 1699 382 1787 ὁμολογῆσαι
404 1703 454 1778 τίς
473 1700 593 1788 ήπρδς
608 1705 704 1768 τοῦτο
720 1708 895 1790 γιγνομένη
912 1706 977 1770 τῶν
992 1700 1155 1789 κινήσεων
1170 1704 1240 1769 δια-

177 1806 267 1892 φορὰ
288 1818 360 1881 τοῖς
383 1804 530 1892 σώμασι;
563 1804 638 1871 οὔτε
671 1808 733 1891 γὰρ
761 1808 797 1873 έν
824 1810 870 1894 τῷ
898 1809 979 1893 κενῷ
1007 1806 1151 1893 δόναμις
1174 1809 1239 1873 ἔστι

176 1912 243 1974 τοῖν
266 1909 427 1994 σωμάτων
450 1909 524 1975 οὔτε
538 1911 580 1974 τὰ
602 1908 740 1994 σώματα
754 1916 953 1995 προαίρεσιν
969 1911 1036 1992 ἔχει
1060 1914 1116 1977 καὶ
1133 1907 1241 1999 ὁρμήν,
1252 1939 1271 1978 υ

133 2007 1241 2104 Εήωὴώωῂψωκωωὰωωσωώωωωψ

175 2114 289 2198 χόδεν.
334 2111 407 2181 αλλ’
424 2115 547 2199 ὁμοίως
564 2114 694 2201 ἄπορόν
716 2119 807 2183 ἐστιν
822 2116 961 2205 ἀψύχων
984 2119 1148 2202 σωμάτων
1163 2121 1241 2206 πρός

175 2218 352 2306 ἀσώματον
384 2219 494 2306 χώραν
527 2223 583 2284 καὶ
617 2219 806 2307 ἀδιάφορον
838 2221 859 2307 ή
892 2223 1000 2308 φορὰν
1032 2223 1067 2296 ἐξ
1093 2219 1241 2308 αότῶνή

175 2324 276 2411 ὁλκήν
305 2323 365 2390 ὑπ’
392 2325 517 2409 ἐκείνης
549 2329 748 2411 γιγνομένην
776 2328 905 2411 νοῆσαι.
950 2326 1103 2391 λείπεται
1133 2332 1241 2392 τοίνυν

174 2429 211 2494 τό
235 2433 336 2512 μέσον
359 2425 397 2493 οὗ
426 2431 571 2504 τοπικῶς
599 2427 685 2494 ἀλλὰ
711 2432 904 2512 σωματικῶς
931 2428 1103 2509 λέγεσθαι.
1147 2431 1272 2497 τοῦδευ

178 2532 241 2614 γὰρ
263 2534 321 2596 τοῦ
345 2528 471 2616 κόσμου
486 2537 569 2616 μίαν
585 2533 620 2596 ἐκ
636 2531 801 2598 πλειόνων
824 2531 988 2617 σωμάτων
1003 2535 1059 2598 καὶ
1076 2532 1242 2620 ἀνομοίων

177 2636 314 2722 ἑνότητα
336 2638 392 2700 καὶ
416 2636 572 2711 σύνταξιν
595 2637 733 2718 ἔχοντος,
763 2635 799 2700 αἱ
826 2637 989 2723 διαφοραὶ
1016 2639 1075 2713 τας
1096 2639 1240 2724 κινήσεις

176 2740 287 2817 ἄλλοις
320 2742 404 2825 πρός
437 2739 522 2805 ἄλλα
555 2744 714 2806 ποιοῦσιν
747 2742 782 2815 ἐξ
815 2739 965 2827 ἀνόγκης.
1011 2742 1113 2826 δῆλον
1136 2741 1175 2808 δὲ
1195 2744 1238 2829 τῷ

262 2953 370 3036 5ἔφην
388 2954 452 3004 ΒΕ.
483 2952 535 3037 ἔφη
563 2954 620 3005 rell.
651 2954 660 3020 {l
691 2950 793 3010 ὅτοὺς
814 2953 867 3021 μὲν
886 2955 943 3005 Vet.
957 2954 1011 3005 Pet.
1083 2957 1169 3007 8καὶ
1190 2965 1245 3009 onte

174 3012 263 3090 κύκλῳ
281 3023 422 3089 iterumque
440 3030 499 3073 onte
518 3013 693 3093 απερότωτον
711 3024 793 3073 omi)
824 3020 832 3090 Η
863 3018 1077 3106 διαλημβόνειΒ
1148 3025 1245 3077 9καδ’

175 3089 223 3149 οὓς
232 3093 376 3169 Emporias:
389 3091 452 3143 καθ
465 3110 497 3142 ου
485 3077 572 3142 libri
586 3108 671 3142 omnes
684 3099 712 3141 ot
724 3093 828 3142 videtur
866 3093 894 3142 12
908 3089 994 3145 αὑτὸν
1003 3093 1023 3142 F
1033 3094 1117 3155 (Rern.
1120 3095 1128 3156 γ
1142 3091 1151 3160 ss
1164 3088 1246 3164 λόγου

176 3161 319 3227 Emporias:
339 3151 411 3228 λόγῳ
440 3161 451 3224 ΙΙ
480 3157 649 3243 κινούμενον,
669 3156 788 3242 ἄπειρον
805 3156 995 3227 όμολογήσαιγ
1033 3161 1184 3214 Dubitantcr
1202 3180 1245 3230 pro

174 3231 326 3313 τολμῆσαι
323 3230 447 3280 librorum
466 3246 493 3280 ιι
511 3225 599 3310 ripoi„
619 3230 650 3279 dc
663 3245 711 3295 quo
730 3231 892 3292 cogitaverat
903 3229 1046 3296 Xplander‚
1065 3233 1160 3298 scripsi
1173 3233 1246 3293 (idem

174 3292 282 3367 τίπορον
299 3294 330 3348 τὸ
348 3298 447 3362 νοῆσαι
465 3314 521 3361 cooJ
516 3297 576 3348 ecit
593 3299 657 3349 unde
671 3314 716 3379 pro
729 3299 864 3382 τολμήσαι
882 3301 997 3349 scribere
1012 3298 1088 3364 J'obet
1105 3316 1132 3350 τι
1149 3303 1246 3366 νοῆσαι

175 3367 285 3430 Madvig,
305 3367 404 3431 νοῆσαι
421 3367 573 3449 Emperius)
609 3361 770 3433 κινούμενον
787 3362 908 3434 όίιιειρον
926 3369 950 3417 in
970 3367 1053 3419 κενοῦ
1069 3368 1158 3435 μέσον
1176 3372 1246 3430 (hoec

176 3437 311 3486 invenerat
316 3452 369 3500 μοι
376 3434 461 3502 Wytt
466 3432 502 3497 )’
488 3440 553 3486 απεί
554 3453 603 3502 pov
615 3444 776 3486 mutaverunt
788 3436 927 3513 Emporius,
940 3435 1054 3501 Μοδυίςς
1068 3439 1113 3487 sed
1125 3440 1246 3503 perlecto,

176 3505 206 3554 de
225 3520 272 3571 quo
291 3505 386 3566 agitur,
405 3505 554 3555 Aristotelis
572 3505 638 3568 loco,
657 3506 687 3555 de
705 3508 751 3571 βίᾳ
770 3520 934 3572 κινουμενον
946 3521 993 3553 σου
1008 3507 1107 3571 poteris
1120 3508 1246 3558 dubitare

176 3573 340 3624 Plutarchum
359 3572 440 3623 foeete
459 3574 612 3654 loqueotcrp‚
640 3581 720 3637 recte,
743 3582 772 3624 ut
791 3574 888 3639 opinor,
907 3574 1038 3625 intellexit
1057 3575 1194 3640 Xylender
1212 3577 1245 3637 (io

175 3643 280 3704 adnot).
316 3642 384 3724 Locp
412 3643 549 3692 verborum
577 3636 693 3706 ἄπειρον
718 3642 853 3709 τολμήσαι
879 3643 917 3698 τὶς
940 3642 1055 3693 habctli
1076 3645 1125 3693 Ιαο
1143 3645 1175 3695 21
1195 3645 1246 3695 litt.

178 3712 208 3762 13
234 3728 259 3762 τι
286 3705 302 3773 ή
330 3707 398 3782 πρὸς
421 3711 449 3760 D
485 3728 512 3761 τι
538 3710 608 3793 πρὸς
625 3711 712 3762 Ambr
733 3719 794 3794 post
817 3712 855 3766 τὶς
876 3711 994 3761 lecooulc
1017 3713 1080 3762 inB
1111 3709 1120 3778 γγ
1151 3711 1247 3764 τοῦτον

176 3781 249 3830 Borb.
264 3781 350 3830 Ambr.
382 3777 391 3845 γΙ
422 3775 602 3859 διαηδορδῡ
674 3781 704 3831 14
732 3778 792 3830 ἔστι
818 3781 872 3830 τῶν
898 3770 1032 3862 σωμηὶτων
1051 3779 1115 3841 (τῶν
1133 3781 1230 3832 deest
1222 3797 1245 3831 ιο

175 3850 284 3915 Ambr)]
311 3849 393 3900 veli
381 3849 429 3900 ἐπὶ
456 3847 510 3900 τῶν
537 3860 561 3898 σ.
580 3848 624 3898 vel
647 3850 685 3903 εἴς
707 3865 734 3898 τι
755 3848 808 3901 τῶν
826 3849 990 3929 σωματικῶν
1007 3849 1110 3913 requiro
1179 3835 1248 3935 16η

176 3934 239 3969 unos
259 3918 357 3968 Ambr:
384 3913 401 3981 ἦ
429 3918 485 3966 rell.
503 3917 661 3982 (exceptoli
684 3919 726 4000 qpi
748 3911 775 3981 ήγ
848 3918 878 3966 11
902 3912 1013 4000 ὁμοίως
1030 3918 1147 3983 Madvig.
1176 3914 1247 4004 ὅμως

179 3988 208 4038 18
223 4003 318 4056 χωραν
337 3986 472 4036 Meziriac:
487 3988 590 4067 χωρεῖν
650 3985 681 4035 23
700 3980 793 4040 σίλλοις
810 3982 880 4056 πρὸς
897 3980 965 4036 ἄλλα
985 3980 1077 4046 (όλλας
1094 3984 1165 4056 πρὸς
1180 3984 1246 4038 ἄλλοι

176 4053 280 4137 Reiske)
299 4056 403 4120 scripsi
427 4049 523 4112 ι’ίλλους
540 4049 611 4138 πρὸς
629 4050 840 4111 ἄλλαςῦΑιυΙιι.
850 4053 967 4105 FAVot.
978 4054 1031 4107 Pet.
1063 4049 1162 4113 ἄλλους
1178 4051 1246 4126 πρὸς

176 4112 275 4180 ἄλλους
292 4124 367 4176 Bari.
404 4119 487 4182 ἄλλας
504 4119 574 4196 πρὸς
591 4116 674 4180 ἄλλας
691 4123 743 4178 ΒΕ
774 4120 783 4192 Ι]
813 4120 842 4175 τὸ
864 4122 1086 4179 errorores.
