2842 4724
161 316 232 368 pm
573 295 827 350 οαιυυτοιιυιι
1189 296 1230 362 97

160 453 263 559 αύτὴς
294 474 397 557 μέσον
429 467 449 559 ἡ
485 470 584 538 οὐσία
618 472 673 537 καὶ
707 484 782 548 ταῖς
812 468 881 537 άπὸ
913 474 971 538 τού
999 465 1101 558 αύτὴς
1129 474 1230 555 μέσου

162 575 345 642 διοικεῖται
367 576 423 641 καὶ
447 579 617 658 συνέχεται
639 574 814 661 κινὴσεσι.’

248 682 299 744 29.
334 679 414 745 ’Καὶ
429 681 494 766 μὴν
515 678 558 744 τά
578 705 615 760 γε
631 677 716 744 ἄλλα
737 683 802 746 τῶν
817 681 972 745 Στωικῶν
993 683 1044 754 τίς
1066 677 1107 746 ἂν
1122 684 1230 764 φοβη-

161 785 256 868 θείη,
270 786 536 867 πυνθανομένων
548 783 619 857 πῶς
631 779 812 868 εἱμαρμένη
827 787 890 867 μία
904 794 998 866 μενεῖ
1009 782 1064 847 καὶ
1076 780 1232 867 πρόνοια,

137 886 222 951 ικαὶ
247 882 285 951 ού
309 883 429 951 πολλοὶ
453 890 533 962 Δίες
555 886 611 951 καὶ
635 887 738 972 Ζῆνες
761 885 913 965 ἔσονται,
941 886 1107 953 πλειόνων
1130 885 1233 952 ὄντων

165 987 325 1073 κόσμωνς
340 992 473 1074 πρῶτον
494 990 556 1075 μὲν
577 989 640 1074 γάρ
663 992 694 1054 εἰ
721 991 758 1054 τό
783 989 927 1066 πολλούς
955 993 1043 1057 εἶναι
1067 995 1155 1066 Δίας
1177 990 1233 1054 καὶ

166 1095 278 1178 Ζῆνας
300 1091 429 1160 ἄτοπόν
451 1095 532 1170 ἐστι,
566 1091 681 1179 πολλῷ
710 1091 887 1179 δήπουθεν
915 1092 1009 1158 ἔσται
1036 1093 1078 1158 τά
1099 1093 1235 1159 ἐκείνων

165 1193 379 1282 ἀτοπώτερα·
403 1197 459 1262 καί
481 1196 543 1283 γὰρ
566 1194 679 1283 ἡλίους
702 1196 757 1261 καὶ
780 1195 919 1282 σελήνας
946 1202 1003 1261 καὶ
1022 1194 1235 1272 Ἀπόλλωνας
1254 1214 1277 1263 F

166 1303 221 1368 καὶ
255 1297 450 1386 ’Λρτέμιδας
492 1300 549 1365 καὶ
588 1300 804 1375 Ποσειδῶνας
841 1299 877 1366 ἓν
914 1297 1068 1386 ἀπείροις
1105 1299 1237 1385 κόσμων

126 1430 153 1468 10
169 1405 344 1491 περιόδοις
366 1402 526 1489 ἀπείρους
541 1406 711 1469 ποιοῦσιν.
750 1403 867 1468 ἔπειτα
883 1408 937 1480 ,τίς
953 1401 1076 1489 ἀνάγκη
1093 1404 1238 1479 πολλούς

168 1514 256 1576 εἶναι
281 1513 377 1586 Δίας,
400 1506 440 1572 ἀν
456 1508 608 1583 πλείονες
629 1504 690 1571 ὦσι
708 1505 838 1591 κόσμοι,
862 1506 918 1572 καὶ
940 1508 983 1592 μὴ
1000 1510 1083 1572 καθ’
1101 1512 1239 1572 ἕκαστον

167 1612 313 1701 ἄρχοντα
335 1613 468 1696 πρῶτον
490 1612 546 1676 καὶ
568 1607 714 1696 ἡγεμόνα
746 1612 805 1675 τοῦ
828 1606 907 1677 ὅλου
935 1612 1019 1676 θεὸν
1042 1611 1159 1692 ἔχοντα
1183 1612 1238 1675 καὶ

167 1719 247 1783 νοῦν
284 1715 339 1780 καὶ
376 1714 487 1795 λόγον,
530 1712 601 1791 οίος
642 1710 661 1778 ό
697 1715 776 1800 παρ’
812 1711 893 1799 ἡμῖν
929 1712 1043 1799 κύριος
1080 1711 1239 1780 ἀπάντων
1256 1728 1309 1782 426

169 1822 226 1887 καὶ
270 1818 379 1905 πατὴρ
422 1814 723 1903 δπονομαζόμενοςς
768 1816 788 1904 ἡ
824 1823 858 1882 τί
877 1816 1036 1883 ’κωλύσει
1079 1819 1136 1904 τῆς
1179 1818 1238 1882 τοῦ

129 1950 154 1990 ιι
171 1923 255 1999 Διός
283 1920 482 2007 εἱμαρμένης
509 1921 565 1985 καί
593 1924 754 2005 προνοίας
786 1915 954 2005 ὑπηκόους
980 1920 1109 1996 πάντας
1137 1923 1237 1999 εἶναι,

170 2027 228 2091 καὶ
249 2027 366 2091 τοῦτον
388 2025 514 2110 ἕφοράν
536 2023 571 2090 ἓν
592 2027 684 2111 μέρει
719 2022 776 2087 καὶ
803 2022 1030 2101 κατευθύνειν,
1063 2023 1238 2090 ἐνδιδόντα

170 2132 280 2196 πάσιν
294 2126 397 2214 ἀρχάς
412 2131 468 2192 καὶ
485 2130 661 2213 σπέρματα
683 2128 738 2193 καὶ
754 2125 872 2208 λόγους
885 2129 951 2193 τῶν
970 2131 1237 2213 περαινομένωνς

172 2231 212 2299 ού
233 2233 295 2317 γάρ
318 2232 467 2298 ἐνταῦθα
499 2231 560 2316 μέν
592 2236 628 2297 ἓν
661 2235 854 2297 συνίσταται
890 2233 986 2317 σῶμα
1018 2230 1181 2308 πολλάκις
1203 2231 1238 2295 έκ

171 2334 361 2403 διεστώτων
383 2334 557 2420 σωμάτων,
592 2333 665 2401 οἷον
691 2334 848 2421 ἐκκλησία
880 2335 936 2399 καὶ
964 2333 1150 2422 στράτευμα
1182 2336 1238 2399 καὶ

131 2471 157 2509 ιο
170 2439 284 2526 χορός·
316 2432 361 2505 ὦν
388 2436 515 2524 ἑκάστῳ
548 2438 605 2503 καὶ
638 2437 695 2524 ζὴν
724 2440 780 2503 καὶ
808 2449 945 2523 φρονεῖν
972 2441 1029 2503 καὶ
1052 2436 1240 2524 μανθάνειν

170 2539 386 2630 συμβέβηκεν,
410 2543 453 2618 τίς
475 2545 581 2615 οἴεται
605 2536 825 2626 Χρύσιππος·
848 2543 885 2608 έν
907 2542 944 2606 δὲ
966 2544 1011 2631 τῷ
1032 2543 1136 2609 παντὶ
1159 2542 1240 2607 δέκα

170 2645 314 2730 κόσμους
336 2646 356 2732 ἡ
379 2639 585 2732 πεντήκοντα
601 2643 663 2731 <ἡ>
680 2646 735 2709 καὶ
758 2643 874 2711 ἑκατόν
897 2644 994 2721 ὄντας
1016 2643 1067 2711 ἑνὶ
1088 2646 1238 2731 χρῆσθαι

169 2749 257 2836 λόγῳ
281 2752 337 2816 καὶ
360 2750 444 2835 πρὸς
467 2747 568 2835 ἀρχὴν
590 2748 814 2830 συντετάχθαι
837 2752 920 2833 μίαν
951 2746 1115 2816 ἀδύνατόν
1138 2748 1237 2816 ἐστιν.

171 2851 334 2920 ἀλλὰκαὶ
357 2850 447 2918 πάνυ
470 2857 593 2939 πρέπει
608 2855 708 2928 θεοῖς
729 2849 750 2938 ἡ
772 2851 906 2938 τοιαύτη
922 2848 1090 2928 διάταξις·
1114 2847 1153 2917 ού
1176 2853 1238 2936 γάρ
1257 2867 1280 2916 Β

132 2991 158 3033 2⁶
171 2955 215 3035 οἷς
237 2956 381 3042 σμήνους
403 2954 564 3044 ἡγεμόνας
586 2956 640 3020 δεῖ
661 2967 775 3021 ποιεῖν
790 2949 968 3032 ἀνεξόδους
983 2952 1061 3021 οδδέ
1083 2966 1239 3041 φρουρεῖν

172 3062 429 3142 συγκλείσαντας
461 3061 500 3150 τὴ
522 3056 582 3145 ύλη
611 3059 738 3143 μᾶλλον
765 3059 802 3123 δὲ
829 3057 1093 3144 συμφράξαντας,
1126 3054 1238 3144 ὥσπερ

172 3159 265 3232 οὗτοι
296 3167 372 3240 τούς
404 3164 506 3239 θεούς
540 3160 646 3249 ἀέρων
679 3162 763 3237 έξεις
796 3163 898 3237 ποιάς
931 3162 987 3226 καὶ
1020 3159 1149 3227 ὑδάτων
1182 3162 1238 3226 καὶ
1308 3149 1311 3153 ’

172 3269 278 3355 πυρδς
307 3265 464 3352 δυνάμεις
494 3267 731 3350 ἐγκεκραμένας
758 3263 935 3350 ἡγούμενοι
954 3265 1166 3346 ’συγγεννῶσι
1193 3266 1240 3352 τῷ

172 3372 284 3459 κόσμῳ
308 3371 364 3436 καὶ
386 3370 491 3436 πάλιν
517 3374 826 3451 συγκατακαίουσιν,
861 3367 919 3435 οὐκ
949 3366 1138 3445 ἀπολύτους
1165 3365 1239 3433 οὐδ’

135 3500 159 3542 ιο
172 3477 369 3560 έλευθέροος
393 3473 466 3541 οἷον
488 3471 640 3559 ἡνιόχους
663 3472 682 3558 ἡ
704 3471 901 3559 κυβερνήτας
916 3470 1010 3549 ὄντας
1026 3469 1104 3550 ἀλλ’,
1127 3471 1239 3557 ὥσπερ

259 3721 270 3770 l
294 3721 342 3772 τοῦ
358 3715 440 3784 αὐτῆς
458 3717 613 3771 mvn.
625 3717 680 3769 Pet„
711 3717 766 3802 τῆς
782 3713 864 3783 αὐτῆς
882 3718 954 3768 Βινίι.
989 3718 1035 3783 τῆς
1051 3714 1134 3783 αὐτῆς
1151 3717 1238 3769 Ambr.

171 3791 218 3841 τοῦ
236 3786 354 3840 αύτοῦΒ
412 3780 527 3838 3τάλλα
523 3803 592 3868 pro
600 3784 679 3864 τάγ
681 3783 772 3837 ’ἀλλα
791 3787 876 3837 Ambr
929 3787 1042 3858 4μενεῖ
1057 3786 1237 3837 Bernardakis:

171 3860 250 3941 μένει
321 3857 351 3910 12
368 3847 535 3941 ἡγεμόνα]
519 3871 552 3920 ην
568 3846 643 3923 μόνα
661 3855 734 3906 Barb
748 3856 835 3906 Ambr
898 3856 928 3907 13
948 3859 1010 3907 οἱον
1028 3854 1101 3906 Barb.
1115 3856 1202 3906 Ambr.
1215 3855 1238 3906 Α

159 3921 366 3994 ’14δνομαξΒ
420 3926 450 3977 18
469 3922 499 3976 ἓν
518 3927 675 3976 συνίσταται
692 3924 792 3975 ιιιιιιεΑ
810 3932 876 3987 [cum
890 3925 1002 3988 Aldina),
1020 3932 1049 3974 ut
1066 3924 1179 3975 videtur.
1209 3921 1239 3976 ἓν

173 3997 357 4047 συνίστασθαι
369 3995 442 4045 Barb.
456 3995 540 4046 Ambr.
553 3994 581 4044 F.
612 3992 653 4046 ἔνι
671 3997 851 4045 συνίστασθαι
869 3993 928 4044 rell.
977 3994 1008 4044 19
1025 3994 1071 4044 καὶ
1090 4004 1146 4060 στρ
1159 4008 1207 4043 om.
1221 3993 1238 4041 Β

173 4062 203 4114 21
231 4055 281 4113 δύο
309 4079 354 4129 pro
381 4062 445 4114 δέκα
471 4065 538 4114 idem
615 4056 690 4111 22
675 4081 690 4126 η
717 4063 764 4112 καὶ
791 4054 816 4128 (ἡ
845 4061 941 4129 Wytt.)
967 4063 1073 4129 scripsi·
1103 4062 1149 4112 καὶ
1175 4061 1238 4112 libri

174 4130 205 4181 27
224 4128 308 4188 ποιάς
325 4131 430 4183 Reiske:
458 4131 604 4187 ποιοῦντας
622 4132 641 4195 ί
644 4147 684 4187 τες
701 4129 801 4195 APet.)
818 4131 878 4181 libri

227 4215 345 4259 Plutarchi
361 4215 447 4270 Pythici
461 4215 546 4270 dialogi
538 4220 612 4258 mres
1061 4218 1077 4272 7
