2842 4724
544 274 757 329 PRAEFATIO
1116 275 1184 329 XIX

204 452 340 516 Codioem
356 453 520 516 Palatinum
543 453 575 516 in
598 454 707 536 seripto
723 454 764 517 68
787 455 938 530 averem,
961 466 1117 537 postquam
1137 457 1185 519 hio

111 577 130 621 a
165 559 250 620 tertia
286 577 375 620 manu
408 568 558 620 eorreetus
589 568 665 633 erat,
699 559 862 622 derivatum
891 580 955 622 esse
983 561 1184 625 demonstrare

112 672 242 725 conatus
270 681 347 724 sum.
391 662 424 724 ln
448 663 557 744 scripto
580 664 620 726 69
643 663 721 743 (vide
743 664 823 725 looos
846 664 876 724 in
899 664 1031 727 Palatino
1054 666 1183 741 collatos,

110 787 142 848 p.
159 767 212 841 69,
231 765 365 840 12-72,
380 766 410 840 2,
432 786 462 848 p.
480 766 549 840 113,
563 768 698 841 7-115,
715 766 748 847 3)
771 767 835 830 talis
858 778 903 829 est
925 768 1002 829 inter
1017 769 1183 832 Palatinum

112 879 145 933 et
166 869 394 932 Ambrosianum
425 871 616 933 consonantia
644 880 678 933 ut
705 891 755 933 eos
778 890 813 932 ex
836 872 938 933 eodem
962 874 1042 935 fonte
1065 892 1184 935 manare

115 975 319 1038 certissimum
345 994 409 1037 esse
431 975 573 1037 videatur.
611 975 817 1048 Quaerendum
839 975 929 1056 igitur
950 995 1022 1038 num
1046 977 1095 1038 hio
1116 978 1183 1039 fons

119 1079 210 1140 eodex
224 1080 354 1142 Venetus
376 1078 423 1140 sit.
459 1079 575 1140 Collatis
598 1096 665 1139 oum
680 1077 874 1141 Ambrosiano
897 1080 1012 1142 duobus
1034 1081 1183 1161 prioribus

116 1182 290 1263 fragmentis
305 1182 408 1244 Veneti
430 1186 471 1263 (p.
488 1183 623 1256 59-74,
645 1202 673 1262 p.
688 1182 825 1258 rte—85)
848 1202 907 1244 non
923 1184 1033 1263 poteris
1049 1183 1182 1246 dubitare

111 1287 186 1368 quin
209 1285 328 1367 propria
350 1286 509 1348 auotoritas
530 1286 717 1348 illi-omnino
740 1287 870 1366 negenda
894 1287 940 1348 sit.
978 1287 1086 1348 Eadem
1110 1287 1182 1367 legi-

111 1410 184 1452 mus
216 1391 248 1451 iu
283 1399 406 1470 utroque
440 1389 593 1470 adscripta,
626 1391 658 1451 in
680 1390 874 1452 Ambrosiano
907 1409 975 1452 vero
1009 1392 1182 1471 corruptelis

108 1492 266 1556 nonnullis
289 1492 441 1574 inquinata
456 1528 498 1537 —
513 1494 549 1554 ad
571 1512 600 1574 p.
618 1493 703 1567 60,5
727 1487 778 1555 ὅτι
800 1491 837 1556 τὸ
859 1496 929 1570 (om.
946 1494 1060 1572 Ambe.)
1084 1493 1182 1576 φιλο-

109 1599 236 1681 σοφίας
258 1592 350 1670 τέλος
372 1594 535 1674 θεολογίοι
558 1594 649 1659 ἔστιν
665 1617 672 1658 :
689 1597 725 1658 ad
740 1616 770 1678 p.
787 1597 837 1670 66,
855 1598 894 1660 16
910 1593 961 1660 ὅτι
978 1602 1049 1672 (om.
1065 1598 1180 1673 Ambr.)

108 1697 248 1774 ἅλκαῖος
270 1698 332 1784 ἔφη
357 1700 485 1784 πρῶτος
508 1698 544 1773 ἐξ
565 1694 688 1779 ὀνύχων
704 1696 831 1779 (ὄνυχος
848 1700 962 1779 Ambr.)
984 1698 1042 1763 τὸν
1063 1699 1181 1764 λέοντα

107 1827 116 1868 :
142 1805 180 1868 ad
203 1824 232 1886 p.
250 1805 301 1878 61,
319 1803 357 1864 10
392 1797 445 1867 ὅτι
478 1804 542 1866 τῶν
574 1796 726 1886 ἅραχνων
749 1804 843 1879 (·νῶν
866 1805 979 1881 Ambr.)
1000 1802 1043 1865 τὰ
1064 1800 1180 1887 πλήθη

107 1905 274 1990 λοιμῶδες
299 1905 336 1969 ro*
366 1908 467 1988 θέρος
494 1904 592 1990 δηλοῖ
614 1927 621 1968 :
645 1906 679 1968 ad
702 1925 731 1987 p.
748 1907 834 1981 65,5
858 1903 876 1968 ὁ
903 1905 965 1989 γὰρ
993 1908 1181 1980 nuenarius

110 2009 294 2094 στρατηγὸς
322 2007 401 2087 (γῶν
423 2009 537 2091 Ambr.)
564 2006 608 2074 ὢν
642 2007 725 2072 κατὰ
757 2007 939 2093 populonien
970 2006 1180 2092 (μακεδονίοο

108 2114 227 2192 Ambr.)
265 2111 448 2194 ἐπίτροπος
488 2107 527 2197 ἦν
563 2109 783 2194 πλειστάρχοο
820 2112 879 2175 τοῦ
915 2109 1180 2192 λακεδαιμονίων

109 2214 257 2300 (-μόνων
271 2217 389 2296 Ambr.)
411 2212 575 2297 βασιλέως
591 2235 598 2277 :
614 2217 649 2278 ad
673 2215 723 2291 83,
739 2216 780 2277 22
804 2213 950 2299 φλυδροὲς
959 2218 992 2292 1).
1028 2217 1062 2276 ln
1085 2216 1179 2277 trihus

108 2321 185 2385 loeis
202 2321 265 2398 (64,
284 2320 323 2382 16
339 2340 346 2381 :
364 2322 414 2394 72,
431 2323 449 2383 7
467 2340 473 2381 :
491 2320 541 2394 72,
559 2321 611 2400 10)
626 2321 810 2382 conservavit
823 2320 1036 2383 Ambrosianus
1051 2321 1179 2400 seriptu-

108 2445 159 2488 ras
183 2424 296 2506 primae
319 2443 424 2486 manus
448 2423 551 2485 Veneti
572 2443 588 2485 a
611 2426 697 2486 tertia
719 2443 819 2499 manu,
850 2435 884 2487 ut
905 2425 1029 2499 videtur,
1056 2443 1179 2506 prorsus

108 2548 225 2601 erasas;
247 2529 318 2591 alias
342 2528 551 2605 (61,15;62,
570 2527 700 2601 18:63,
719 2529 848 2603 11:65,
866 2528 1121 2603 21:71‚r:79‚
1140 2529 1178 2591 16

108 2653 116 2695 :
132 2632 301 2710 8117)νοί
312 2632 547 2694 oorreeturasvel
558 2632 755 2694 additamenta
768 2651 872 2694 manus
885 2631 1029 2694 secundae
1041 2632 1179 2694 tertiaeve

109 2735 217 2798 Veneti
239 2734 376 2815 neglexit,
403 2735 455 2797 sed
476 2734 538 2795 noli
559 2743 681 2814 propter
703 2735 759 2796 hoe
780 2736 898 2798 eredere
921 2755 989 2798 eum
1013 2756 1048 2797 ex
1070 2735 1181 2798 Veneto

186 2971 208 3036 1)
226 2971 266 3022 Ad
285 2989 308 3038 p.
320 2971 390 3036 65,8
408 2971 503 3022 hebent
515 2973 537 3025 V
556 2974 581 3034 (u
600 2989 639 3039 pr.
652 2977 696 3037 ru.)
710 2974 782 3026 Barla.
795 2973 849 3026 Pet.
863 2982 915 3026 vat.
930 2975 1023 3035 (nonne
1036 2975 1087 3037 nt)
1105 2982 1180 3044 utque

108 3041 206 3093 Aldine
223 3041 362 3092 Bodleiano
381 3042 536 3107 adscriptum
554 3044 602 3093 hoo
620 3043 727 3112 schema]

576 3835 647 3886 ομου
662 3808 717 3869 lv]

110 3940 162 3993 Pro
179 3945 212 3993 H
230 3943 258 3993 in
279 3943 373 4006 angulo
395 3943 502 3994 sinistro
520 3945 551 3994 N
563 3944 660 4009 legitur
678 3945 703 3995 in
723 3943 757 3995 V:
785 3943 842 3994 loeo
861 3960 930 4011 ομοο
947 3937 1004 4011 (ὀμ.
1018 3942 1104 4006 Barb.)
1121 3932 1177 3994 N]

109 4047 204 4098 habent
221 4046 276 4098 reu
291 4055 342 4099 vat.
361 4047 468 4118 αβγδ
486 4044 559 4116 ὁμοῦ
581 4067 592 4100 ι
613 4040 831 4122 responsalia&
851 4067 861 4098 ι
877 4039 915 4116 μ’.
951 4047 1002 4099 Pro
1020 4029 1042 4116 p‘l
1060 4050 1087 4100 in
1106 4050 1179 4116 epioe

110 4116 206 4168 habeut
223 4117 299 4168 iidem
318 4135 344 4171 οι.

976 4202 1017 4258 b*
