2842 4724
164 276 239 326 mle
571 261 826 316 ouscnnonun
1193 272 1234 337 ῃ

164 458 233 501 νων
243 434 388 519 στόμασι
404 436 459 500 καὶ
471 447 601 521 φωναῖς
611 437 780 521 χριόμενον
791 437 945 523 ὀργάνοις
958 442 1022 486 *i*
1033 447 1236 528 καταμιγνὺς

165 535 403 623 ἀνθρωπίναις
430 542 558 623 χρείαις
587 537 626 606 οὗ
657 542 809 627 φείδεται
839 546 896 629 τῆς
926 540 1127 632 σεμνότητος
1158 546 1236 614 οάδὲ

164 653 259 727 τηρεῖ
281 642 318 707 τό
341 639 473 726 ἀξίωμα
495 643 552 706 καὶ
573 644 611 708 τό
633 647 778 729 μέγεθος
801 642 890 733 αάτῶ
911 650 967 728 τῆς
990 645 1127 735 ἀρετῆς.’

254 749 303 809 10.
340 746 406 810 Καὶ
427 743 771 815 δΚΔΕΟΜΒΡΟΤΟΣ
792 746 914 834 ιὀρθῶς
928 751 1047 836 λέγεις·
1071 747 1142 818 ἀλλ’
1158 750 1234 819 έπεί

137 849 201 914 sui
232 846 349 933 λαβεῖν
379 850 436 913 καὶ
465 849 628 936 διορίσαι,
662 853 734 928 πῶς
760 857 917 938 χρηστέον
939 855 995 918 καὶ
1017 858 1112 940 μέχρι
1134 861 1235 925 τίνων

164 954 206 1040 τῇ
219 956 378 1038 προνοίᾳ,
401 953 560 1034 χαλεπόν,
584 953 618 1020 ei
639 959 700 1041 μέν
721 952 855 1034 οὐδενὸς
878 955 993 1034 ἀπλῶς
1014 959 1072 1024 τόν
1094 962 1178 1027 θεὸν
1200 960 1275 1027 οἳΡ

164 1056 203 1120 δέ
232 1053 318 1140 ὁμοῦ
343 1081 376 1121 τι
403 1058 539 1124 πάντων
560 1062 672 1125 αἴτιον
693 1062 869 1137 ποιοῦντες
891 1058 1071 1142 ἀστοχοῦσι
1093 1065 1152 1129 τοῦ
1173 1086 1233 1147 με-

162 1165 258 1243 τρίου
280 1162 336 1226 καὶ
358 1165 555 1247 πρέποντος.
589 1160 627 1229 εὖ
644 1160 707 1248 μὲν
727 1159 785 1230 οὖν
800 1163 932 1245 λέγουσι
949 1167 1005 1231 καὶ
1021 1165 1054 1232 ei
1070 1167 1232 1248 λέγοντες,

164 1262 217 1332 ὅτι
245 1263 384 1333 Πλάτων
409 1267 448 1332 τδ
473 1278 548 1343 ταῖς
574 1270 792 1352 γεννωμέναις
814 1268 994 1355 ποιότησιν
1014 1266 1234 1357 ἀποκείμενον

126 1383 150 1426 1⁰
164 1381 332 1451 στοιχεῖον
360 1368 511 1454 έξευρῶν,
543 1367 561 1436 δ
583 1369 643 1437 νόν
664 1368 745 1457 ὕλην
767 1370 938 1450 καλοῦσιν,
970 1373 1104 1442 πολλῶν
1126 1372 1235 1460 ἀπήλ-

163 1473 243 1547 λαξε
275 1473 332 1537 καὶ
364 1472 517 1558 μεγάλων
550 1471 702 1561 ἀποριῶν
729 1475 805 1551 τούς
831 1471 1055 1561 φιλοσόφους·
1087 1473 1161 1560 ἐμοὶ
1196 1477 1233 1543 δὲ
1250 1488 1302 1543 415

163 1576 302 1642 δοκοῦσι
328 1577 488 1654 πλείονας
509 1576 609 1643 λῦσαι
631 1578 688 1642 καὶ
710 1575 865 1662 μείζονας
887 1575 1032 1665 ἀπορίας
1054 1579 1087 1645 οἳ
1108 1580 1146 1646 τὸ
1168 1583 1235 1647 τῶν

163 1677 335 1764 δαιμόνων
365 1685 458 1762 γένος
490 1680 526 1748 έν
551 1685 641 1768 μέσφ
666 1683 756 1748 θεῶν
779 1680 859 1768 <δν>
882 1683 939 1747 καὶ
961 1677 1234 1769 ἀνθρώπωνκαὶ

162 1783 292 1871 τρόπον
318 1785 393 1852 τινά
419 1785 478 1872 την
503 1789 679 1852 κοινωνίαν
706 1783 798 1872 ἡμῶν
821 1786 962 1871 συνάγον
984 1789 1031 1864 εἰς
1053 1784 1152 1853 ταύτό
1176 1789 1233 1852 καὶ

124 1906 149 1948 1³
163 1889 335 1957 συνάπτον
367 1886 564 1977 ἐξευρόντες·
598 1893 665 1969 εἴτε
687 1889 802 1974 μάγων
823 1894 889 1958 τῶν
912 1891 991 1977 περὶ
1014 1890 1234 1977 Ζωροάστρην

163 1991 182 2060 δ
219 1992 317 2074 λόγος
352 1987 447 2070 οὗτός
483 1994 592 2072 ε’στιν,
630 1997 697 2060 εἴτε
731 1991 876 2080 Θρᾴκιος
909 1991 966 2060 ἀπ’
996 1992 1139 2080 Ὀρφέως
1173 1995 1233 2059 εἴτ’

166 2096 358 2179 Αἰγύπτιος
379 2096 399 2184 ἢ
423 2097 579 2182 Φρύγιος,
608 2095 651 2174 ῶς
676 2096 929 2184 τεκμαιρόμεθα
950 2109 1024 2174 ταῖς
1047 2096 1233 2184 ἑκατέρωθι

162 2202 309 2279 τελεταῖς
342 2198 594 2287 ἀναμεμιγμένα
615 2195 737 2267 ’πολλὰ
764 2203 875 2288 θνητά
902 2202 959 2266 καὶ
986 2204 1142 2287 πένθιμα
1169 2202 1234 2269 τῶν

162 2304 410 2392 ὀργιαζομένων
431 2306 488 2370 καὶ
510 2305 688 2391 δρωμένων
711 2303 808 2391 ἱερῶν
830 2303 975 2391 δρῶντες.
1011 2302 1173 2391 Ἑλλήνων
1195 2306 1233 2371 δὲ

122 2406 297 2497 1ῡὍμηρος
330 2409 391 2495 μὲν
423 2407 472 2474 ἔτι
505 2413 664 2496 φαίνεται
693 2410 810 2485 κοινῶς
839 2403 1041 2495 ἀμφοτέροις
1069 2408 1234 2495 χρῶμενος

161 2526 234 2590 τοῖς
256 2506 400 2598 δνόμασι
423 2513 479 2577 καὶ
501 2512 578 2588 τούς
599 2512 702 2589 θεοὺς
725 2511 816 2578 ἔστιν
838 2508 893 2578 ὅτε
916 2512 1080 2598 δαίμονας
1101 2530 1232 2596 προσα-

160 2618 321 2705 γορεόων·
348 2615 502 2692 Ἡσίοδος
531 2615 569 2680 δὲ
596 2617 755 2698 καθαρῶς
777 2615 829 2680 καὶ
852 2615 1080 2701 διωρισμένως
1103 2618 1233 2702 πρῶτος

161 2723 300 2809 ἐξέθηκε
322 2723 387 2788 τῶν
408 2719 549 2803 λογικῶν
570 2721 715 2805 τέσσαρα
737 2721 827 2806 γένη,
851 2719 953 2796 θεοὺς
975 2723 1047 2785 εἶτα
1070 2721 1233 2805 δαίμονας
1251 2736 1273 2787 Β

250 2942 261 2991 1
282 2931 394 3003 σῶμασι
412 2951 457 3002 pre
476 2931 594 3002 στόμασι
607 2933 679 2985 Berb.
693 2931 702 3000 (Ι
716 2933 777 2984 Post
793 2922 922 3002 ὀργάνοις
934 2934 1023 2985 Ιεοιιοο
1037 2933 1061 2983 in
1075 2933 1097 2986 V
1110 2932 1154 2998 (90
1166 2933 1232 3002 litt.)

162 3008 235 3061 esre.
250 3006 293 3070 (23
305 3007 369 3069 lite.)
382 3003 469 3055 Ambe.
483 3003 527 3064 (23
540 3003 604 3067 litt.)
618 3001 671 3053 Pel.
684 3002 727 3066 (20
739 3002 802 3066 litt.)
815 3004 833 3053 B
850 3001 916 3067 (fere
937 3000 984 3069 1¹22
999 3003 1055 3067 lin.)
1067 3004 1088 3054 E
1101 3001 1144 3067 (55
1157 3001 1232 3066 lite).

161 3077 231 3143 Quae
255 3076 349 3126 desunt
375 3079 492 3124 eraserat
514 3070 576 3122 fort.
600 3071 657 3137 pius
678 3072 751 3122 home
777 3072 954 3136 prophetarum
977 3086 1080 3124 suorum
1103 3070 1231 3123 defenser.

161 3145 311 3197 Sententiae
330 3140 495 3193 satisfaciunt
514 3135 545 3206 (ὁ
563 3135 618 3207 γὰρ
636 3136 703 3191 θεὸν
719 3137 931 3208 ἔν>καταμίγνυς
943 3137 1056 3190 Turnebi
1108 3140 1122 3189 3
1142 3134 1232 3192 αὐτῶν

160 3216 249 3266 Ambe.
284 3206 351 3264 αὐτὸ
369 3209 425 3262 ΑΕ
439 3208 496 3261 Van
509 3207 566 3259 Pet.
631 3208 645 3257 7
665 3203 738 3274 ὁμοῦ
756 3224 783 3260 τε
800 3207 854 3259 Pel.
877 3205 885 3274 ΙΙ
908 3207 1011 3276 μέτρου
1029 3208 1063 3260 Vl
1076 3209 1163 3260 Ambe.
1177 3206 1230 3260 Pel.

161 3284 176 3335 8
194 3276 224 3335 εὖ
236 3280 290 3351 μὲν
302 3273 352 3331 οὖν
363 3293 442 3345 usque
455 3279 486 3328 ui
499 3274 706 3345 ἀποκριθέντων
718 3277 751 3343 (ρ.
763 3277 804 3341 72,
813 3279 839 3339 4)
852 3276 916 3327 citet
929 3276 1053 3327 Eusebius
1065 3276 1107 3328 Pr.
1122 3276 1168 3327 Ev.
1179 3277 1202 3329 V
1213 3278 1231 3329 4

160 3349 173 3421 ΙΙ
194 3352 320 3419 λέγουσιν
336 3350 383 3398 καὶ
400 3347 426 3398 οί
443 3345 496 3397 Pet.
532 3347 660 3413 λέγουσιν
677 3343 705 3396 oi
722 3348 744 3395 Α
800 3346 832 3396 10
851 3341 866 3394 ὁ
884 3344 936 3399 νῦν
952 3339 1019 3410 ὕλην
1035 3344 1175 3408 καλοῦσιν]
1193 3346 1231 3398 ite

160 3420 265 3504 εοιίροίι
284 3412 318 3482 η”ν
335 3410 400 3482 ὕλην
417 3411 549 3467 καλοῦσιν
566 3414 637 3466 endi.
650 3413 763 3466 Eusebii.
792 3409 806 3464 ὁ
819 3414 869 3466 νῦν
880 3404 947 3478 ὕλην
958 3415 1004 3465 καί
1016 3407 1101 3482 φύσιν
1115 3413 1146 3468 V1
1156 3414 1230 3465 Berb.

161 3485 176 3539 ὁ
195 3490 242 3549 (ον
259 3486 357 3550 Ambe.)
373 3484 424 3537 νῦν
442 3478 570 3549 ὕληνκαὶ
587 3477 674 3551 φύσιν
690 3483 821 3535 καλοῦσιν
838 3481 896 3532 rell.
966 3481 996 3532 12
1015 3483 1126 3539 πλείους
1144 3484 1230 3535 Amin.

163 3556 193 3609 13
216 3551 395 3625 pannoniensis
412 3568 457 3619 pro
476 3545 614 3619 δαιμόνων
637 3551 703 3601 idem
733 3549 742 3618 ii
773 3545 807 3604 δν
824 3550 934 3614 inserui3
962 3561 1021 3618 post
1038 3548 1119 3622 ἀνθρ.
1137 3553 1231 3603 hebent

160 3625 253 3682 θέντες
272 3622 464 3674 οοιίιί.Ειιεοίιίἰ
526 3620 558 3671 14
576 3615 702 3688 ὑμῶνθί
721 3620 788 3671 Pet„
838 3618 868 3669 15
886 3618 1144 3689 ιῶντεπερὶΕΑ.
1177 3621 1232 3672 τῶν

159 3709 191 3760 γε
208 3692 344 3745 n.BVut.
358 3691 412 3742 Pet.
495 3683 851 3741 11ὥσιιιικ.Αιοιιι.Ριι.
888 3731 891 3737 .
934 3687 965 3740 18
983 3685 1072 3739 πολλὰ
1091 3687 1229 3740 Eusebius:

160 3757 339 3881 iiiiii
356 3759 448 3879 iiii?
461 3758 572 3893 iiiiii
574 3754 1006 3891 iiiiifi‘iiivfiiiipiiifiris
1023 3758 1230 3889 11111111

160 3900 242 3966 prime
260 3913 335 3949 menu
352 3897 485 3962 πέντιμαι
513 3912 523 3944 ι
542 3895 623 3945 erasit
641 3896 771 3962 denuoque
789 3894 905 3961 scripsit,
929 3892 989 3945 τινὰ
1010 3896 1036 3945 in
1054 3893 1167 3957 margine
1185 3895 1230 3945 ed-

161 3968 228 4018 didit
245 3973 307 4018 tert.
320 3981 351 4017 m.
404 3965 437 4015 20
455 3962 495 4016 ἔτι
508 3965 643 4030 φαίνεται]
663 3965 700 4014 ite
714 3964 734 4015 V
749 3961 989 4014 narniensium.
1003 3963 1030 4014 B.
1055 3961 1231 4028 ἐπιφαίνεται

162 4034 362 4086 eedd.Eusebii.
397 4032 454 4085 ἔστι
475 4033 601 4099 φαίνεται
619 4031 673 4082 Pet.
709 4033 875 4100 εἰςφαίνειαι
892 4031 922 4082 Α.
958 4033 1086 4099 φαίνεται
1102 4030 1122 4081 F
1136 4032 1157 4082 Ε
1171 4032 1228 4085 Vnt.

162 4104 194 4154 23
212 4103 346 4172 δαίμονας
363 4100 415 4156 εἴθ’
434 4097 617 4171 insistensque
636 4102 666 4152 nd
684 4100 779 4168 γένους
796 4101 833 4158 εὶς
849 4100 927 4153 hebet
945 4101 1015 4152 solus
1034 4099 1161 4153 Eusebius
