2842 4724
449 1068 831 1154 PRAEFATIO.

564 1265 724 1274 ...ι-

108 1380 152 1485 Si
183 1423 255 1504 quid
284 1424 372 1486 habet
401 1423 488 1505 pretii
518 1442 582 1486 mea
606 1424 795 1506 Pythicorum
819 1423 1001 1504 dialogorum
1024 1424 1173 1488 Plutarchi

108 1528 258 1602 recensio,
294 1530 351 1590 hoc
386 1527 554 1590 liberalitati
591 1528 645 1589 viri
678 1528 841 1591 doctissimi
874 1528 1063 1590 Maximiliani
1096 1529 1174 1591 Treu

108 1639 261 1712 acceptum
290 1632 393 1693 refero.
439 1631 581 1693 Codicum
604 1631 707 1693 notitia
731 1651 778 1692 me
801 1631 953 1705 iustruxit3
987 1632 1109 1694 schedas
1142 1632 1174 1693 in

107 1735 217 1814 quibus
239 1735 409 1798 collationes
431 1736 565 1798 codicum
590 1735 798 1797 Parisiensium
823 1755 839 1796 a
862 1734 958 1796 Konto
981 1737 1071 1796 lactas
1091 1735 1176 1796 Pari-

107 1838 218 1918 siisque
252 1838 283 1899 in
311 1838 487 1901 Bibliotheca
516 1838 661 1903 Nationali
695 1839 812 1920 (Suppl.
834 1839 882 1899 Gr.
904 1837 980 1917 397)
1013 1848 1175 1900 asservatas

108 1941 270 2022 descriptas
302 1941 391 2003 habet
423 1941 628 2003 describendas
663 1943 735 2002 mihi
769 1941 866 2013 misit3
900 1941 936 2002 de
962 1943 1075 2004 lacunis
1102 1962 1175 2022 quas

106 2045 195 2106 habet
228 2045 320 2106 codex
346 2044 369 2104 Ε
402 2046 433 2106 in
467 2044 580 2124 dialogo
609 2044 663 2106 ‘lle
691 2044 810 2106 llefectu
840 2045 1047 2107 Oraculorum’
1082 2046 1176 2127 deque

105 2147 217 2209 Nicolai
241 2147 359 2210 Leonici
383 2147 415 2209 in
438 2148 552 2228 dialogo
576 2149 631 2210 ‘lle
654 2149 774 2230 Pythiae
790 2149 937 2211 Oraculis'
959 2150 1175 2212 emendationi-

105 2250 161 2312 bus
195 2250 352 2312 certiorem
386 2270 434 2313 me
467 2251 545 2313 lecit.
600 2252 668 2314 Viro
702 2261 798 2327 tanto,
838 2253 890 2333 qui
923 2271 1042 2315 causam
1077 2272 1173 2315 meam

106 2353 214 2415 Treuio
248 2355 478 2429 commendarit,
511 2355 646 2417 Udalrico
680 2356 716 2418 de
743 2356 936 2418 Wilamowitz
965 2357 1173 2432 Moellendorll,

107 2457 215 2537 grades
249 2476 322 2537 quas
356 2457 393 2519 ob
427 2477 562 2538 magnam
597 2458 661 2538 ejus
691 2459 721 2520 in
746 2478 793 2520 me
816 2459 1048 2522 benevolentiam
1071 2461 1173 2535 habeo,

106 2578 203 2640 neque
227 2561 298 2623 satis
321 2561 406 2642 digne
429 2580 523 2642 agere,
546 2576 641 2642 neque
664 2562 785 2624 omnino
808 2581 867 2624 non
891 2583 976 2641 agere
998 2583 1130 2644 possum.

193 2666 314 2727 Codices
329 2665 417 2728 Italos
433 2665 597 2746 (Romanos
612 2665 738 2728 Venetos
754 2667 997 2747 Mediolanenses)
1019 2668 1050 2729 in
1073 2686 1173 2730 meum

106 2788 196 2830 usum
222 2769 348 2831 contulit
370 2769 582 2850 descripsitque
604 2769 728 2832 loannes
752 2771 882 2832 Graeven
911 2779 991 2832 tauta
1013 2790 1081 2832 cum
1104 2791 1174 2833 cura

106 2873 361 2952 sollicitudineque
384 2881 418 2934 ut
438 2892 488 2935 eos
508 2881 657 2953 tamquam
675 2874 731 2934 sub
746 2874 839 2935 oculis
854 2874 962 2936 habere
977 2875 1050 2936 mihi
1066 2874 1172 2936 videar.

105 2976 273 3039 Relationes
306 2976 370 3057 ejus
398 2978 570 3038 Germanice
600 2995 666 3038 meo
695 2987 798 3056 rogatu
826 2979 949 3059 scriptas
977 2996 1012 3039 eo
1040 2990 1173 3059 tempore

107 3100 167 3159 quo
191 3082 263 3142 haec
278 3080 398 3160 Anglice
420 3081 564 3142 disserere
586 3080 617 3141 in
640 3080 738 3142 animo
762 3081 859 3156 habui,
882 3080 964 3143 nolui
980 3081 1082 3144 Latine
1105 3082 1174 3142 red·

107 3184 184 3245 dere.
230 3183 351 3246 Codices
378 3185 452 3246 duos
475 3183 657 3246 Parisieuses
680 3184 715 3264 (F
738 3193 768 3246 et
790 3184 826 3265 B)
853 3184 1072 3247 accuratissime
1100 3203 1173 3246 con-

105 3288 173 3349 tulit
196 3287 346 3351 Hubertus
369 3288 488 3350 Pernot.
534 3288 565 3350 Si
594 3287 684 3349 solius
712 3289 800 3350 llonti
835 3289 989 3351 collatione
1022 3289 1065 3351 uti
1100 3289 1174 3350 mihi

105 3391 248 3466 licuisset,
271 3392 308 3453 de
330 3401 408 3454 statu
431 3392 539 3455 codicis
561 3391 584 3453 F
606 3391 734 3473 pessime
753 3392 941 3472 judicassem.

192 3495 312 3557 Codices
335 3495 456 3557 adhibui
477 3497 582 3558 hosce:

190 3624 217 3678 E
238 3644 280 3671 =
300 3617 365 3680 Par.
389 3619 438 3681 Cr.
464 3618 560 3693 1672,
595 3619 850 3691 membranaceus,
884 3636 958 3679 saec.
980 3617 1191 3693 ΧΙΙΙ-ΧΝ.ἱ

107 3719 244 3783 Continet
266 3720 415 3785 Plutarchi
436 3721 516 3784 Vitas
540 3730 569 3783 et
591 3721 717 3784 Moralia.
764 3721 843 3783 Ordo
867 3720 1018 3782 Moralium
1043 3721 1090 3782 hic
1113 3731 1170 3784 est:

125 3842 146 3892 1.
165 3844 197 3894 dc
215 3843 315 3895 virtute
334 3852 360 3896 et
378 3844 446 3896 vitio
684 3845 708 3894 5.
728 3844 758 3894 de
777 3842 936 3893 inimicorum
954 3842 1070 3893 utilitate

124 3929 148 3980 2.
167 3929 197 3980 dc
216 3930 366 3982 educatione
384 3946 521 3996 puerorum
683 3931 705 3980 6.
727 3930 758 3980 dc
777 3929 909 3979 audiendis
927 3929 1012 3994 poetis

124 4015 148 4064 3.
167 4017 197 4066 dc
215 4015 373 4081 profectibus
392 4017 417 4066 in
435 4017 533 4067 virtute
684 4017 707 4066 7.
727 4018 757 4066 de
776 4015 909 4066 adulatore
930 4023 955 4064 et
973 4016 1053 4066 amico

123 4103 147 4151 4.
166 4101 196 4153 ds
213 4117 271 4152 seru
289 4103 399 4155 numinis
418 4103 533 4155 vindicta
684 4103 707 4154 8.
726 4104 757 4154 dc
776 4117 803 4152 sc
821 4102 876 4168 ipso
895 4102 961 4153 citra
980 4103 1032 4153 inv.
1044 4101 1170 4152 laudando

972 4188 1009 4240 a*
