2842 4724
524 301 732 353 PRAEFATIO

298 517 344 579 De
367 517 502 599 scripto
526 516 566 577 72
589 516 643 597 (lle
665 516 785 597 Pythiae
805 516 960 598 Oraculis).

178 656 303 738 Optime
336 658 371 719 de
404 656 522 737 scriptis
546 657 671 717 70-77
694 655 781 735 (quae
811 655 841 717 in
864 655 925 716 ΕΒ
954 655 1024 718 solis
1050 663 1163 735 extant)

88 760 256 843 disputavit
278 761 357 822 Treu
381 760 453 836 (Zur
476 759 579 821 Gesoh.
596 760 645 835 ll).
689 759 732 820 Ex
765 778 825 820 uno
858 761 940 821 fonte
967 759 1045 821 haud
1076 761 1163 823 dubie

89 863 234 945 descripti
268 871 340 925 sunt
360 864 430 924 ΕΒ.
477 863 625 925 sincerior
657 872 703 924 est
725 862 757 936 Ε,
788 861 958 943 justamque
991 865 1162 925 lacunarum

90 967 331 1049 magnitudinem
366 966 540 1040 observat¹).
586 966 719 1028 Lacunae
746 967 820 1029 duae
843 967 906 1042 (27,
923 968 942 1028 4
959 986 965 1027 :
983 968 1033 1042 46,
1049 967 1103 1047 nt)
1133 969 1162 1029 in

93 1073 117 1135 B
146 1073 316 1154 explentur,
351 1071 403 1132 sed
435 1071 535 1132 nescio
568 1089 605 1131 arr
628 1070 699 1131 haec
722 1071 925 1151 supplementa
947 1071 1164 1153 interpolatoris

95 1175 161 1238 siut
211 1174 310 1236 Semel
338 1173 402 1254 (43,
419 1174 452 1253 9)
485 1173 593 1234 erravit
613 1172 651 1248 Ε,
685 1175 810 1252 genuina
845 1175 989 1256 scriptura
1017 1176 1163 1256 (quamvis

92 1277 248 1360 corrupta)
270 1277 301 1338 in
325 1276 347 1338 B
370 1286 546 1340 asservatur.

180 1543 214 1605 lu
246 1542 357 1624 scripto
381 1541 421 1604 72
455 1541 491 1603 ad
524 1542 657 1604 codicum
691 1542 779 1604 fidem
814 1543 913 1605 omnia
946 1545 1085 1625 expressi.
1130 1545 1164 1606 ln

92 1646 215 1728 scriptis
237 1645 289 1721 68,
312 1647 363 1720 69,
397 1664 464 1708 cum
489 1645 524 1707 de
546 1645 727 1720 elisionibus,
761 1648 797 1708 de
826 1645 1098 1732 νέφελκυστικῴ,
1129 1651 1165 1711 de

88 1750 199 1814 formis
217 1752 575 1833 γίγνομαι-γίνομαι,
598 1745 971 1829 γιγνώσκω-γινώσκω
995 1752 1164 1815 collationes

90 1853 201 1934 quibus
235 1863 305 1916 utor
342 1853 460 1927 sileant,
493 1854 524 1914 in
558 1853 637 1915 bisce
670 1853 758 1914 rebus
793 1854 868 1916 hanc
900 1855 975 1917 viam
1004 1855 1086 1934 elegi.
1130 1856 1163 1916 ln

93 1957 228 2020 elidendo
262 1956 421 2019 editionem
444 1956 578 2018 Aldinam
612 1967 730 2018 secutus
759 1977 841 2032 sum;
875 1958 905 2019 in
937 1978 991 2020 usu
1019 1980 1037 2022 ν
1064 1955 1164 2040 ἐφυλ-

94 2061 247 2125 κιστικοῦ
273 2061 433 2123 editionem
457 2061 736 2135 Bernardalrianam3
769 2084 844 2140 ycyv
870 2062 979 2142 ubique
1002 2081 1068 2124 oum
1092 2063 1165 2124 Ber-

92 2166 216 2229 nardalri
240 2164 345 2246 scripsi
367 2163 479 2247 μηδὲν,
502 2163 599 2227 οὐδὲν
622 2165 729 2245 ubique
752 2185 820 2227 cum
844 2167 957 2228 eodem.

179 2271 341 2350 lgnoscent
374 2269 447 2331 mibi
479 2269 533 2330 viri
557 2269 635 2331 docti
657 2271 736 2350 quod
764 2270 999 2349 conjecturarum
1032 2288 1164 2332 mearum

90 2370 183 2435 nimis
205 2373 347 2454 prodigus
371 2373 406 2434 de
433 2372 556 2434 aliorum
586 2374 747 2435 multorum
770 2374 895 2454 repertis
918 2373 1054 2436 conticui.
1099 2374 1164 2447 Quo

90 2488 230 2558 tempore
260 2485 431 2557 apparatum
464 2496 563 2538 meum
596 2477 785 2539 conficiebam
816 2477 989 2539 bibliotheca
1017 2478 1092 2539 bona
1121 2478 1163 2539 uti

92 2580 169 2642 mihi
193 2598 254 2642 non
276 2580 367 2642 licuit.
402 2581 524 2642 Gravius
545 2582 661 2661 peccavi
684 2581 868 2660 conjecturas
892 2581 1049 2642 nonnullas
1073 2582 1164 2643 malas

93 2685 193 2747 textui
207 2684 397 2746 intrudendo.
435 2684 514 2757 Quas
539 2694 571 2746 ut
593 2685 623 2745 in
640 2684 872 2763 Corrigendis
894 2685 1037 2767 expellere
1052 2685 1164 2766 possim

92 2787 192 2850 bonae
225 2786 367 2849 voluntati
401 2788 457 2850 viri
485 2788 648 2850 doctissimi
674 2788 802 2850 Eduardi
830 2788 978 2850 Schwartz
1011 2798 1165 2869 acceptum

92 2896 203 2954 refero.
249 2890 367 2953 Utinam
394 2892 525 2973 plagulae
553 2911 644 2966 meae,
678 2902 834 2972 antequam
870 2912 1023 2973 expressae
1056 2902 1164 2966 essent,

91 2996 149 3057 sub
180 2995 274 3057 oculis
309 2993 372 3077 ejus
401 2996 573 3076 jacuissent.
618 2997 692 3058 Cum
715 2997 845 3077 plagulas
871 2997 930 3077 jam
958 3015 1111 3077 expressas
1138 2996 1165 3058 ei

91 3100 254 3172 misissem,
288 3109 322 3162 ut
355 3101 390 3162 de
423 3120 492 3162 vero
526 3109 605 3162 statu
635 3110 732 3162 textus
754 3100 913 3162 Eusebiani
939 3101 1092 3161 certiorem
1119 3119 1164 3161 me

92 3205 190 3265 iacere
220 3213 332 3285 posset,
367 3204 437 3266 totis
470 3204 692 3284 diligentissime
725 3204 870 3285 perlectis,
904 3203 1068 3266 adversaria
1103 3223 1164 3265 sua.

94 3308 281 3388 -χρυσέα
307 3306 533 3387 χαλκείων-
556 3307 833 3369 benevolentissime
857 3326 973 3369 mecum
997 3308 1165 3369 communi·

95 3411 181 3473 cavit.
227 3411 307 3484 Quae
330 3413 450 3493 optime,
473 3431 521 3473 me
541 3411 648 3492 judice,
672 3411 800 3473 correxit
821 3421 872 3474 aut
894 3411 1019 3492 conjecit
1040 3412 1070 3472 in
1097 3413 1165 3472 ‘Ad-

94 3513 214 3577 dendis’
238 3515 336 3576 habes.
382 3516 486 3596 Accipe
519 3535 600 3576 nunc
633 3534 649 3575 e
680 3516 815 3577 manibus
844 3516 937 3597 ipsius
961 3516 1071 3577 donum
1094 3534 1164 3595 pre-

913 3657 1163 3673 ἉΛΛΛΝνννννκΛΛΝκΛΛΛΛΛ

169 3734 192 3798 1)
210 3733 244 3786 Ut
262 3735 401 3798 legentium
419 3738 548 3786 commodo
568 3737 726 3786 consulerem
746 3737 804 3786 dedi
824 3737 848 3785 iu
863 3737 944 3787 Adon.
959 3751 1087 3786 numerum
1105 3737 1165 3785 lite-

99 3817 263 3869 rerumquae
283 3804 312 3853 ad
331 3804 435 3856 lacunas
454 3806 614 3868 complendas
633 3803 774 3866 sufficiunt,
798 3821 846 3854 nou
870 3821 1000 3855 mensuras
1020 3805 1166 3854 lacunarum

96 3886 158 3936 quas
176 3872 284 3938 praebet
301 3871 378 3923 Trou.
413 3874 482 3924 llicit
499 3872 578 3924 l’reu:
606 3872 655 3922 “lo
684 3875 730 3924 don
758 3874 864 3924 meister
883 3873 974 3924 Fiillen
1001 3874 1096 3923 kommt
1123 3871 1168 3922 aui

94 3940 162 3990 2-3
175 3955 224 3990 mm
245 3941 288 3990 ein
307 3942 461 4001 buohstabe3
488 3943 552 3992 doch
579 3941 712 3992 schwaolrt
739 3943 785 3992 der
802 3941 881 3993 Reum
899 3943 1027 3992 zwischen
1048 3939 1095 4008 l¹l2
1115 3942 1166 3991 und

92 4007 232 4075 3²{3mm’'.
272 4007 296 4057 lu
316 4010 416 4061 lacunis
434 4011 599 4062 aestimandis
619 4012 710 4075 scripsi
728 4027 774 4077 pro
795 4011 869 4061 2mrn
888 4010 978 4060 Treuii
1000 4009 1066 4060 llit.
1097 4011 1165 4060 “La-

92 4094 159 4127 euua
173 4078 269 4127 9litt.“
283 4078 347 4128 idem
360 4081 430 4130 valet
443 4088 518 4145 atque
531 4081 638 4130 “laeunn
651 4096 715 4145 quae
728 4080 743 4129 9
757 4080 806 4130 litt.
820 4080 952 4131 continere
966 4086 1059 4146 potest,
1077 4079 1165 4144 plures

91 4161 172 4208 aegre
192 4147 303 4213 potest.“
