2842 4724
67 320 142 371 μοι
511 305 693 360 ORAGULIS
748 371 750 376 Ι
1089 315 1132 377 47

65 483 255 564 μιμεῖσθαι
282 479 320 546 τό
348 478 517 567 χρώμενον
545 477 564 573 ᾖ
590 485 719 568 πέφυκε
740 482 879 570 δυνάμει
902 487 958 551 καὶ
982 491 1138 573 παρέχειν

65 585 115 667 τῷ
138 581 220 669 ἔργῳ
243 586 306 651 τού
327 583 490 671 νοήματος
512 585 548 651 έν
570 583 659 674 αδτῳί
674 588 894 676 διαφανῆναι,
918 587 1085 656 δεικνύναι
1102 591 1139 656 δὲ

67 684 131 766 οὐχ
162 684 234 752 οἰον
261 683 300 771 ήν
330 686 366 754 έν
391 691 437 774 τῷ
460 688 650 777 δημιουργῷ
672 691 825 777 καθαρόν
847 693 902 758 καί
925 691 1060 771 ἀπαθὲς
1082 696 1138 759 καί

67 786 312 875 ἀναμάρτητον,
337 788 421 856 ἀλλά
442 796 645 877 μεμιγμένον
668 794 803 883 <πολλῳί
825 799 871 882 τῷ
894 797 1038 882 οἰκεέῳ>·
1062 799 1180 862 καθ’(ἰ

36 914 51 953 ε
69 892 169 959 ἑαυτό
192 895 254 980 γὰρ
277 892 401 981 ἄδηλον
423 894 514 982 ήμίν,
538 896 574 962 ἰν
589 895 687 983 ἑτέρῳ
704 896 743 963 δέ
758 900 813 963 καί
830 898 878 964 δι’
895 898 1005 986 ἑτέρου
1021 901 1141 986 φαινό-

67 1019 171 1080 μενον
193 994 453 1082 ἀναπίμπλαται
475 1001 531 1084 τής
554 1000 681 1067 ἐκείνου
704 1000 843 1087 φύσεως.
879 1005 935 1067 καί
959 1005 1058 1090 κηρόν
1079 1006 1141 1090 μὲν

67 1100 114 1164 ἰώ
147 1102 203 1164 καί
234 1102 358 1186 χρυσόν
390 1101 535 1188 ἄργυρόν
567 1129 602 1168 τε
635 1105 692 1169 καὶ
725 1103 858 1186 χαλκόν,
896 1103 959 1171 ὅσα
992 1111 1023 1171 τ’
1057 1107 1140 1173 ἄλλα

67 1204 297 1289 πλαττομένης
321 1203 436 1282 οὐσίας
458 1206 530 1291 εἴδη
553 1207 686 1288 δέχεται
700 1208 760 1293 μέν
776 1208 871 1274 ἰδέαν
884 1214 966 1295 μίαν
981 1210 1139 1277 ἐκτυπου-

67 1311 167 1391 μένης
190 1305 396 1394 ὁμοιότητος,
420 1307 501 1375 ἄλλο
524 1309 561 1374 δέ
586 1308 689 1397 ἀλλην
708 1308 765 1396 ἀφ’
781 1306 900 1379 ἑαυτοῦ
914 1316 960 1399 τῳ
974 1313 1140 1399 μιμήματι

25 1435 53 1474 ιο
67 1408 243 1496 διαφοράν
272 1416 495 1498 προστίθησι·
525 1413 581 1478 καί
603 1413 662 1490 τὰς
684 1415 719 1481 έν
741 1414 941 1500 κατόπτροις
963 1417 1141 1494 ἐπιπέδοις

67 1539 103 1579 τε
126 1517 183 1580 καί
206 1514 330 1593 κοίλοις
352 1517 408 1582 καὶ
431 1521 605 1604 περιηγέσι
626 1517 811 1604 φασμάτων
832 1521 889 1584 καὶ
913 1518 1059 1587 εἰδώλων
1082 1519 1138 1605 ἀφ’

68 1617 143 1694 ἑνός
166 1619 277 1694 εἰδους
295 1623 415 1706 μυρίας
430 1617 704 1707 παρατυπώσεις·
727 1623 782 1687 καί
797 1622 860 1708 γάρ
876 1624 943 1688 εἰσι
961 1624 1034 1708 <**.
1058 1622 1140 1710 ήλίῳ

67 1722 128 1807 δὲ)
147 1717 245 1788 οὐδὲν
266 1721 341 1789 οὔτε
355 1723 481 1808 μᾶλλον
499 1724 597 1811 (τήν)
616 1725 710 1790 ἰδέαν
725 1724 832 1792 έοικεν
848 1725 922 1791 οὔτε
938 1724 980 1802 ώς
997 1725 1137 1811 ὀργάνου
1157 1743 1181 1792 D

67 1829 218 1912 χρῆσθαι
253 1825 352 1912 φύσει
382 1830 515 1909 γέγονεν
544 1825 803 1916 εὐπειθέστερον
825 1827 973 1916 σελήνης·
1008 1830 1139 1914 λαμβά-

27 1956 54 1996 τε
68 1949 176 1995 νουσα
212 1931 250 1995 δί
287 1933 365 2017 παρ’
402 1928 495 2017 ἡλίου
531 1933 568 1997 τδ
606 1932 762 2018 λαμπρόν
794 1934 850 1998 καί
884 1933 1047 2018 πυρωπὸν
1080 1933 1139 2015 ούχ

69 2029 186 2116 ὅμοιον
219 2030 417 2119 ἀποπέμπει
451 2035 535 2120 πρὸς
567 2032 667 2120 ήμοῖς,
704 2033 788 2101 ἀλλὰ
820 2037 945 2120 μιχθέν
973 2035 1054 2127 αὐτή
1082 2040 1137 2101 καὶ

67 2135 172 2222 χρόαν
194 2137 353 2221 μετέβαλε
375 2139 431 2202 καί
454 2134 598 2222 δύναμιν
620 2138 714 2221 ἔσχεν
735 2137 862 2222 ἑτέραν·
886 2137 958 2224 ήδί
973 2137 1138 2225 θερμότης

68 2242 125 2306 καί
159 2241 378 2307 παντάπασιν
409 2240 571 2322 ἐξοίχεται
603 2241 659 2306 καὶ
687 2240 890 2327 προλέλοιπε
916 2244 953 2308 τδ
978 2246 1049 2328 φώς
1071 2241 1137 2308 ύπδ

68 2343 258 2421 ἀσθενείας.
293 2348 390 2430 οἶμαι
413 2344 451 2410 δέ
462 2345 547 2430 ,<σε>
563 2346 758 2427 γιγνώσκειν
779 2345 817 2411 τό
840 2347 918 2428 παρ’
938 2343 1136 2433 Ἡρακλείτῳ

27 2478 54 2516 ου
67 2447 246 2534 λεγόμενον
269 2447 311 2525 ώς
333 2447 363 2516 ιό
386 2447 480 2526 ἄναξ,
505 2443 544 2514 ού
558 2449 595 2514 τό
611 2449 768 2534 μαντεῖόν
784 2450 855 2514 ἐστι
870 2449 906 2515 τό
924 2450 960 2516 έν
976 2451 1135 2534 Δελφοῖς,

68 2551 143 2618 οὔτε
176 2544 263 2633 λέγει
295 2550 369 2618 ούτε
402 2550 538 2637 κρύπτει
572 2550 657 2618 ἀλλά
684 2556 862 2638 ’σημαίνειί
907 2551 1077 2638 πρόσλαβε
1099 2554 1137 2618 δὲ

66 2657 198 2732 τούτοις
220 2653 255 2721 εὖ
276 2654 466 2742 λεγομένοις
488 2655 545 2719 καὶ
567 2655 689 2742 νόησον
709 2658 767 2723 τόν
789 2656 939 2723 ἐνταῦθα
954 2657 1038 2722 θεὸν
1052 2656 1136 2742 χρώ-

66 2781 168 2841 μενον
190 2760 229 2850 τῇ
247 2763 365 2840 Πυθίῳ
387 2758 471 2842 πρὸς
494 2756 606 2845 ἀκοήν,
630 2759 744 2834 καθώς
766 2754 859 2844 ήλιος
880 2762 996 2846 χρήται
1018 2760 1135 2847 σελήνη

67 2862 154 2946 πρός
187 2861 284 2947 ὄψιν·
319 2857 465 2929 δείκνυσι
496 2863 558 2946 μέν
583 2863 645 2948 γὰρ
673 2863 729 2926 καὶ
753 2859 933 2948 ἀναφαίνει
955 2864 1013 2940 τὰς
1034 2861 1137 2929 αὑτοῦ

27 2995 52 3032 οε
66 2964 212 3052 νοήσεις,
235 2971 436 3051 μεμιγμένας
459 2966 496 3032 δὲ
518 2966 665 3033 δείκνυσι
688 2965 747 3030 διὰ
769 2963 920 3050 σώματος
939 2970 1065 3052 θνητοῦ
1081 2967 1178 3046 καίΕ

155 3224 167 3275 l
188 3219 561 3292 παρέχειν-διαφανήναι].
581 3219 619 3272 lta
629 3220 736 3287 scripsi:
754 3219 889 3288 παρέχειν
905 3214 936 3271 τὸ
952 3219 1034 3290 ἔργον
1051 3214 1135 3273 αὐτοῦ

66 3283 117 3352 (riv
134 3289 164 3357 Β)
181 3291 229 3343 τοῦ
245 3288 384 3360 νοήματος
409 3289 439 3343 έν
456 3291 530 3358 αὑεῳ
556 3287 693 3357 δυναμένη
720 3289 789 3340 libri.
825 3289 912 3340 Possis
939 3290 1052 3342 scribere
1077 3286 1135 3342 τὸν

62 3353 212 3431 χρώμενον
223 3389 254 3398 -
266 3362 312 3411 καί
328 3359 461 3431 παρέχειν
478 3356 509 3411 τὸ
528 3357 608 3428 ἔργον
625 3351 701 3426 αύτῷ
720 3357 768 3410 τοῦ
787 3350 925 3434 νοήματος
941 3356 970 3410 ἒν
988 3354 1060 3427 αὐτῷ
1077 3358 1134 3410 δια-

67 3431 180 3550 φηῳηειη
218 3431 374 3551 νηέττοιίληί
390 3429 427 3511 τῳ
446 3428 537 3546 οἰκηίῳ
551 3429 668 3547 ηηοηηοῦ
686 3421 823 3548 ὀργηίνιηυη
843 3427 958 3545 εοηῳίενί
973 3430 1079 3550 Ι(πηληηί
1096 3426 1134 3495 τηῖ

66 3499 488 3636 ἰλδτίἷῖέῖρίεελδόό)ἐλλλόολίιῐίώ
508 3533 571 3629 τρυε
590 3505 764 3616 Ρλυλοεοίιοων
775 3510 1133 3634 ἰμώάδεοόιλάἰωδλαφίἱεόελέ

67 3626 269 3704 ἰδμοιότητος]
296 3637 383 3687 malim
413 3632 559 3694 ποιότητος
628 3635 655 3687 11
674 3629 818 3704 περιήγεσι
838 3632 943 3683 Reiske:
969 3630 1133 3702 περιαύγεσι

69 3706 99 3756 12
120 3707 189 3756 iutra
208 3706 263 3757 εἰσι
281 3711 308 3759 et
325 3699 409 3756 οὐδὲν
426 3705 475 3755 Ιοο.
498 3703 524 3752 in
543 3702 614 3752 οοδδ.
633 3702 666 3754 20
687 3704 737 3754 litt.
756 3698 820 3768 ἡλίῳ
838 3699 867 3753 δὲ
891 3707 989 3754 tautum
1014 3704 1132 3770 supplevi

67 3771 147 3841 (ήλίῳ
170 3791 214 3840 pro
234 3775 288 3826 εἰσι
306 3773 392 3840 wytt.
412 3773 526 3823 lacunam
547 3771 641 3822 nullam
660 3788 718 3822 esse
742 3772 844 3836 putans)
910 3771 940 3821 13
959 3766 1042 3825 οὐδὲν
1069 3772 1133 3822 libri

67 3840 151 3961 Ιηζτὴν
169 3844 280 3893 inseruit
293 3842 385 3893 neiske
397 3840 407 3908 li
420 3835 539 3910 ὀργάνου
552 3840 657 3906 scripsi:
676 3835 796 3907 ὄργανον
813 3837 885 3888 libri:
904 3835 1013 3908 ὀργάνῳ
1031 3839 1132 3903 Reiske,

90 3913 203 3978 mperius
240 3912 271 3964 18
290 3907 320 3962 τὸ
333 3911 390 3979 φῶς
408 3915 493 3975 potest
511 3909 749 3974 interpolamentum
769 3923 824 3958 esse
861 3906 892 3956 19
912 3921 943 3960 σε
962 3909 1016 3959 εδδ.
1030 3909 1132 3958 Diibner

69 3983 125 4042 (καί
141 3993 173 4032 σε
192 3979 307 4042 Βείεὶο).
343 3980 430 4031 Malim
458 3976 537 4044 οἶμαι
559 3974 588 4026 δὲ
611 3969 774 4045 γιγνώσκειν
790 3991 820 4026 σε
838 3976 884 4025 καὶ
913 3978 924 4041 ΙΙ
953 3971 1131 4045 γινώσκεινΒ

67 4049 100 4100 20
118 4044 186 4106 ώςό
207 4043 276 4107 ἀυαξ
291 4049 368 4099 Turn.
389 4048 476 4098 Vuic.:
504 4042 573 4096 ὥσθ’
593 4041 663 4104 ἅναξ
724 4047 755 4097 23
775 4041 846 4112 πρὸς
864 4039 940 4113 ὄφιν]
959 4053 1017 4113 post
1035 4048 1131 4114 Πυθίῳ

66 4116 190 4189 leguntur
211 4116 340 4171 inlibris.
375 4115 535 4184 transposuit
554 4115 639 4182 Wytt.

1194 2383 1240 2438 (rr.
1249 2389 1272 2427 11
1280 2383 1350 2438 Byw.)
