2842 4724
62 331 137 385 m
504 315 685 371 οεισυτιο
1082 319 1122 384 31

62 489 107 570 ιύς
128 491 236 558 ἔοικεν
258 497 367 559 ίππον
388 488 628 578 ἀλινδούμενον
642 491 771 580 γράψαι
793 495 949 579 τρέχοντα
964 492 1125 581 ἔγραψεν,

60 594 325 676 ἀγανακτοῦντος
356 595 395 662 δὲ
424 601 482 662 τοῦ
516 593 717 682 ἀνθρώπου,
753 594 895 678 γελάσας
930 593 949 662 δ
984 595 1127 666 Παύσων

61 703 248 786 κατέσρεψε
278 699 336 765 τόν
369 703 509 766 πίνακα·
546 700 602 764 καί
634 703 819 785 γενομένων
851 698 918 766 άνω
941 701 1006 767 τῶν
1028 698 1124 767 κάτω.

61 800 206 870 πάλινό
237 807 344 879 ίππος
378 801 416 868 ού
441 800 565 888 τρέχων
587 800 663 869 ἀλλ’
693 799 928 890 ἀλινδούμενος
959 802 1124 890 ἐφαίνετο.
1150 850 1153 861 -

32 906 161 973 στοῦτό
182 923 287 993 φησιν
309 904 327 972 ό
349 910 443 973 Βίων
475 906 584 982 ένίους
615 908 681 973 τῶν
710 904 819 988 λόγων
851 905 1010 989 πάσχειν,
1045 906 1125 974 όταν

59 1006 311 1096 ἀναστραφῦσι.
356 1010 410 1075 διδ
441 1011 499 1074 καὶ
532 1009 608 1086 τούς
640 1009 808 1097 χρησμούς
844 1010 929 1078 ἔνιοι
960 1009 1126 1097 φήσουσιν

59 1111 99 1180 οῦ
122 1112 228 1189 καλούς
250 1112 349 1195 ἔχειν,
383 1112 435 1179 ότι
461 1115 521 1179 τοῦ
542 1116 627 1179 θεοῦ
650 1116 751 1193 εἰσιν,
786 1111 871 1180 ἀλλὰ
892 1116 951 1180 τοῦ
973 1117 1058 1181 θεοῦ
1079 1116 1125 1202 μη

59 1219 165 1297 εἶναι,
199 1214 250 1282 ότι
281 1214 415 1303 φαύλως
448 1216 590 1297 ἔχουσιν.
634 1216 741 1285 έκεῖνο
768 1217 830 1304 μέν
855 1218 917 1301 γάρ
940 1218 976 1284 έν
998 1216 1166 1306 οἰδῇλομ·Ε

58 1321 98 1386 τό
121 1320 156 1386 δ’
180 1317 218 1385 ού
241 1321 320 1406 <τοῦ
341 1324 442 1386 θείου
465 1318 659 1404 πρεπόντως
682 1320 961 1408 έκ>πεπονῇσθαι
983 1323 1025 1388 τά
1047 1325 1124 1408 περὶ

21 1423 138 1500 ιοτούς
159 1424 323 1510 χρησμούς
354 1425 410 1489 καί
441 1425 496 1490 σοὶ
529 1425 622 1515 κριτῇ
648 1424 841 1511 δήπουθεν,
874 1419 1000 1512 ὦφλλε
1021 1431 1125 1512 Σερα-

59 1530 162 1594 πίων’
185 1529 280 1594 εἶπεν
307 1526 453 1613 ’ἐναργές
475 1526 554 1592 ἐστι.
602 1524 777 1613 ποιήματα
805 1527 867 1614 γάρ
894 1527 1034 1615 γράφεις
1054 1541 1126 1606 τοϊς

58 1635 121 1716 μέν
144 1628 318 1717 πράγμασι
340 1630 536 1717 φιλοσόφως
558 1632 614 1695 καλ
636 1627 820 1718 αύστηρῦς,
848 1630 987 1719 δυνάμει
1010 1631 1125 1699 δὲκαὶ

57 1732 171 1820 χάριτι
187 1736 244 1799 καὶ
259 1737 444 1826 κατασκευῇ
459 1734 540 1826 <τῇ>
557 1736 635 1817 περὶ
651 1734 741 1810 λέξιν
755 1734 889 1800 ἐοικότα
902 1746 973 1811 τοϊς
984 1733 1125 1822 Ὁμήρου

60 1839 117 1902 καὶ
145 1834 302 1903 Ἡσιόδου
334 1835 461 1922 μᾶλλον
493 1836 514 1924 ἢ
543 1849 614 1914 τοῖς
646 1835 713 1903 ύπό
736 1840 793 1924 τῇς
822 1841 957 1914 Πυθίας
988 1838 1125 1925 ἔκφερο-

19 1965 45 2004 ιο
59 1944 194 2026 μένοις.’

146 2047 176 2110 6.
210 2045 276 2108 Καὶ
293 2041 533 2110 όΣΕΡΑΠΙΩΝ
558 2043 728 2128 *νοσοῦμεν
742 2042 813 2128 γάρ’
829 2046 924 2110 εἶπεν
946 2039 983 2109 *ὦ
994 2043 1124 2130 Βόηθε,

59 2149 117 2213 καί
138 2148 181 2213 τά
203 2143 270 2212 ὦτα
285 2147 342 2212 καί
363 2146 405 2211 τά
421 2145 562 2230 ὄμματα,
586 2150 839 2231 συνειθισμένοι
855 2145 915 2212 διά
929 2147 1054 2234 τρυφήν
1069 2150 1124 2212 καὶ

58 2251 230 2336 μαλακίαν
250 2250 291 2315 τοὶ
313 2247 396 2337 ῇδίω
418 2249 504 2314 καλὰ
518 2247 666 2334 νομίζειν
680 2248 735 2314 καὶ
750 2247 1019 2336 ἀποφαίνεσθαι.
1043 2249 1126 2331 τάχα

59 2354 101 2440 δη“
124 2353 335 2440 μεμψόμεθα
361 2352 420 2440 τὴν
443 2355 593 2429 Πυθίαν,
628 2349 679 2418 ὅτι
704 2351 851 2439 Γλαύκης
879 2350 918 2419 ού
940 2358 1124 2439 φθέγγεται
1144 2356 1195 2411 397

18 2461 115 2544 εοτῇς
145 2457 339 2544 κιθαρῳδοῦ
368 2455 597 2541 λιγυρώτερον,
631 2453 709 2521 οῦδὲ
730 2461 886 2542 χριομένη
909 2450 1028 2542 μύροις
1051 2453 1127 2522 ούδέ

57 2559 258 2647 ἁλουργίδας
280 2558 492 2646 ἀμπεχομένη
515 2558 664 2626 κάτεισιν
686 2562 733 2636 εἰς
754 2558 791 2625 τό
817 2559 1028 2647 (μαντεῖον),
1050 2556 1127 2626 οὐδ’

59 2665 233 2748 ἐπιθυμιᾷ
254 2666 396 2729 κασσίαν
417 2661 438 2750 ἢ
460 2661 604 2749 λη’δανον
625 2661 645 2749 ῇ
674 2662 859 2746 λιβανωτόν
880 2661 966 2729 ἀλλά
998 2661 1128 2750 δάφνην

58 2768 115 2833 καὶ
138 2771 295 2852 κρίθινον
317 2763 464 2851 ἄλευρον.
508 2764 569 2846 ούχ
590 2763 681 2850 δρᾷς,
705 2768 812 2845 εἶπεν,
836 2762 917 2853 όσην
937 2767 1039 2851 χάριν
1060 2766 1126 2849 ἔχει

56 2871 101 2937 τά
116 2870 278 2956 Σαπφικὰ
292 2870 373 2956 μέλη
396 2868 557 2955 κηλοῦντα
572 2871 628 2934 καὶ
643 2870 892 2950 καταθέλγοντα
906 2871 983 2946 τούς
998 2867 1125 2956 ἀκροω·

15 3005 44 3048 τι
56 2978 178 3060 μένους
181 3003 194 3054 3
206 2971 371 3058 ’Σίβυλλά
388 2972 434 3037 δέ·
450 2975 639 3058 μαινομένῳ
656 2970 805 3059 στόματά
821 2976 900 3039 καθ’
913 2970 1124 3060 Ἡράκλειτον
1181 2994 1338 3051 (τειιεμι.)

57 3075 239 3159 ιἀγέλαστα
269 3077 325 3141 καί
356 3072 595 3142 ἀκαλλώπιστα
623 3079 678 3141 καί
706 3072 874 3162 ἀμύριστα
899 3080 1124 3165 φθεγγομένη,

56 3182 177 3265 χιλίων
197 3180 278 3247 έτοόν
299 3180 476 3256 έξικνείται
498 3181 537 3270 τῇ
559 3180 655 3270 φωνῇ
670 3178 729 3244 διὰ
742 3179 800 3247 τόν
815 3179 916 3246 θεόν)
950 3176 969 3246 ό
991 3179 1028 3245 δὲ
1044 3185 1125 3247 Πίν-
1198 3207 1279 3261 (τετε
1291 3210 1325 3263 ο.)

57 3286 160 3371 δαρος
183 3283 351 3350 *ἀκοῦσαι*
373 3287 457 3369 φησὶ
481 3285 552 3349 ιτοῦ
579 3284 664 3348 θεοῦ
692 3280 750 3349 τόν
776 3281 914 3369 Κάδμον
939 3283 1126 3352 ἐπιδεικνυ-

57 3393 159 3474 μένου
180 3386 345 3472 μουσικὰν
374 3385 505 3471 δρθόν’,
528 3382 587 3467 ούχ
608 3384 725 3471 ἡδείαν
747 3383 825 3452 υύδέ
853 3387 1019 3474 τρυφερὰν
1049 3384 1126 3454 οῦδὲ
1145 3392 1165 3440 Β

143 3547 160 3598 6
179 3541 376 3617 ἀναστραφῶσι
392 3543 542 3596 Perizonius
566 3545 590 3594 in
610 3545 668 3596 Aol.
686 3544 717 3597 V.
737 3544 767 3597 H.
785 3544 846 3599 XIV
862 3548 906 3599 15:
932 3539 1126 3618 ἀναστρέφωσι

57 3615 121 3668 libri
191 3614 295 3681 9Qune
321 3615 348 3666 in
370 3614 461 3665 lacuna
479 3613 524 3677 (20
542 3611 597 3663 fere
616 3613 666 3665 litt.
690 3613 717 3664 in
735 3615 819 3678 codd.)
847 3615 965 3682 supplevi
987 3631 1044 3667 mea
1067 3623 1126 3667 sunt

57 3681 706 3823 fss'ssff‘.‹fss1‘ffi{{“}3{¹ss³“‘ffissssffffffffltss
720 3679 1126 3822 12¹v¹01⁷fif2r1¹³⁶³⁸3⁶0²2ss³02ffl⁷33

56 3819 136 3872 Turn.
156 3822 243 3872 θελοι
271 3818 423 3891 χριομένην
503 3819 532 3870 21
554 3813 752 3887 ἀμπεχομένην
777 3824 826 3871 καί
850 3833 921 3874 τισιν
950 3820 1026 3885 libri3
1057 3836 1125 3872 εοττ.

56 3890 151 3942 Βείοίιο
164 3888 173 3958 ΙΙ
184 3892 316 3957 μαντεῖον
332 3889 449 3956 supplevi
467 3888 527 3938 coll.
548 3904 570 3954 ρ.
583 3887 633 3938 438
645 3889 676 3937 B:
703 3889 787 3953 possis
806 3890 883 3940 etiam
901 3891 944 3942 vel
958 3887 1126 3990 χρηστήριον

57 4018 89 4054 ox
133 4003 211 4054 .405
231 4001 257 4052 C.
298 4002 417 4069 supplere
444 4001 487 4051 vel
514 3993 616 4052 ἀδυιον
645 4015 700 4050 cum
721 4001 833 4067 ι[ίείείιίο
911 4003 943 4053 22
974 3997 1125 4068 λῇδανονΕ

57 4071 91 4124 28
108 4072 228 4124 ακοῦσαι
249 4070 385 4122 Leonieus:
415 4059 535 4125 ἀκούσας
556 4067 565 4135 ΙΙ
586 4059 702 4138 Κάδμον
713 4068 799 4133 ἐπιδ]
817 4071 922 4123 restitui
940 4086 972 4122 ex
992 4088 1013 4138 μ.
1029 4071 1126 4123 103οΑ

57 4147 84 4194 et
101 4139 238 4194 Aristion
256 4156 280 4208 ρ.
293 4140 356 4192 383.
374 4129 483 4208 κάδμον
501 4133 533 4190 ού
552 4137 622 4188 libri.
