2842 4724
175 292 218 358 86
587 291 637 342 uu
656 290 831 343 uuuucuu
1173 312 1240 363 μ...

175 466 323 545 διετέλει,
341 466 470 550 καρπόν
484 490 560 532 τινα
575 464 662 544 πόας
674 467 879 554 φαρμακώδη
896 469 951 533 καὶ
967 472 1092 555 πικρόν
1106 469 1243 537 ἑκάστου

133 589 156 639 Β
175 571 277 658 μηνός
299 567 392 645 ἅπαξ
411 571 696 658 προσφερόμενος·
719 571 886 652 γλώσσαις
909 572 946 637 δὲ
966 574 1111 650 πολλαῖς
1125 574 1243 660 ἤσκητο

173 678 335 763 χρῆσθαι,
366 675 451 759 πρὸς
479 675 512 739 δ’
539 675 597 759 ἐμὲ
624 677 662 739 τὸ
690 676 850 740 πλεῖστον
879 674 1035 760 ἐδώριζεν
1063 676 1102 742 οά
1131 677 1243 764 πόρρω

174 781 291 866 μελών.
336 774 569 865 φθεγγομένου
591 777 641 857 δέ,
664 779 723 845 τόν
744 779 850 845 τόπον
873 777 1000 846 εάωδία
1022 793 1167 863 κατεῖχε,
1189 784 1244 847 τοῦ

175 883 339 969 στόματος
360 879 498 968 ἥδιστον
520 879 759 958 ἀποπνέοντος.
797 882 817 970 ἡ
839 885 900 968 μὲν
923 881 983 951 οὖν
998 885 1080 970 ἄλλη
1096 886 1267 972 μάθησιςε

176 990 232 1053 καὶ
256 986 388 1071 ἱστορία
410 989 511 1072 συνῆν
532 984 622 1074 αὐτῷ
644 987 702 1052 τόν
724 986 834 1053 πάντα
856 987 987 1074 χρόνον·
1022 985 1070 1065 εἰς
1097 991 1136 1054 δὲ
1164 1014 1245 1075 μαν-

175 1093 269 1179 τικὴν
300 1091 470 1157 ἐνεπνεῖτο
505 1094 586 1174 μίαν
616 1087 741 1175 ἡμέραν
770 1091 862 1167 ἔτους
891 1090 1031 1157 ἑκάστου
1060 1094 1117 1156 καὶ
1148 1117 1245 1176 προε-

177 1194 323 1270 θέσπιζε
338 1195 460 1259 κατιών
475 1193 535 1258 ε’πὶ
550 1193 735 1273 θάλατταν,
756 1194 946 1282 ἐπεφοίτων
960 1197 999 1260 δὲ
1014 1197 1071 1260 καὶ
1087 1196 1245 1262 δυνάσται

178 1301 235 1366 καὶ
258 1309 462 1384 γραμματεῖς
484 1298 651 1381 βασιλέων
674 1300 729 1363 εἶτ’
754 1296 913 1387 ἀπῄεσαν.
960 1300 1085 1376 ἐκεῖνος
1112 1297 1172 1366 οὖν
1193 1301 1247 1386 τήν

178 1404 339 1489 μαντικήν
361 1399 478 1488 ἀνῆγεν
503 1405 549 1476 είς
564 1399 740 1486 δαίμονας·
764 1405 925 1470 πλεῖστον
940 1405 978 1469 δὲ
994 1403 1137 1491 Δελφῶν
1152 1402 1246 1487 λόγον
1256 1431 1276 1469 ιο

181 1511 258 1590 εἶχε,
281 1507 337 1571 καὶ
359 1507 425 1570 τών
446 1504 631 1589 λεγομένων
654 1508 731 1589 περὶ
754 1507 812 1573 τόν
832 1507 1000 1575 Διόνυσον
1022 1510 1173 1575 ἐνταῦθα
1195 1511 1246 1574 καὶ

140 1625 161 1676 c
181 1611 357 1694 δρωμένων
387 1608 484 1695 ἱερῶν
507 1605 642 1685 οὐδενὸς
664 1608 803 1694 ἀνήκοος
825 1609 877 1696 ἦν,
908 1610 993 1676 ἀλλά
1017 1609 1155 1679 κάκεῖνα
1176 1614 1247 1677 δατ·

181 1713 293 1798 μόνων
315 1713 458 1800 ἔφασκεν
481 1717 568 1778 εἶναι
592 1712 691 1798 πόθη
714 1715 917 1797 μεγάλακαὶ
939 1717 1043 1782 ταῦτα
1058 1716 1100 1801 δὴ
1115 1717 1158 1781 τά
1174 1718 1247 1801 περὶ

183 1816 344 1883 Πύθωνα.
387 1821 433 1904 τῷ
462 1817 496 1882 δ’
524 1815 757 1882 ἀποκτείναντι
785 1813 860 1903 μήτ’
890 1820 983 1885 ε’ννέα
1006 1821 1088 1886 δτών
1109 1821 1183 1904 μήτ’
1205 1824 1248 1896 είς

181 1923 224 1987 τά
246 1919 363 2007 Τέμπη
386 1925 546 2001 γενέσθαι
569 1921 651 2004 μετὰ
673 1923 770 1986 τοῦτο
794 1921 911 2009 φυγήν,
941 1924 1006 1968 *uu
1029 1922 1132 1990 αάτόν
1155 1926 1278 1990 ἐκπε-ιι

183 2024 285 2093 σόντα
322 2026 458 2111 κόσμον·
496 2021 633 2108 ὕστερον
666 2024 699 2088 δ’
734 2026 867 2092 ἐκεῖθεν
903 2027 1062 2093 ἐνιαυτῶν
1100 2029 1249 2113 μεγάλων

184 2131 278 2196 δννέα
314 2130 488 2213 περιόδοις
525 2126 627 2208 ἀγνδν
659 2129 835 2213 γενόμενον
869 2131 925 2194 καὶ
957 2137 1085 2214 Φοῖβον
1117 2130 1250 2218 ἀληθώς

185 2231 391 2298 κατελθόντα
411 2230 448 2297 τδ
467 2230 664 2318 χρηστήριον
684 2234 905 2317 παραλαβεῖν,
928 2237 1009 2310 τέως
1023 2232 1091 2298 ὑπὸ
1109 2235 1251 2320 Θέμιδος

186 2331 440 2423 φυλαττόμενον.
485 2333 587 2410 οὕτως
613 2336 647 2399 δ’
675 2335 763 2417 ἔχειν
789 2339 844 2400 καὶ
868 2337 909 2400 τά
935 2339 1115 2424 Τυφωνικὰ
1138 2340 1251 2404 καὶτὰ

190 2438 352 2506 Τιτανικά
358 2461 365 2476 ·
389 2437 560 2523 δαιμόνων
575 2440 683 2524 μάχας
698 2445 867 2520 γεγονέναι
883 2442 968 2525 πρὸς
983 2442 1160 2526 δαίμονας,
1186 2447 1251 2508 εἶτα
1262 2474 1281 2512 ιο

189 2544 296 2631 φυγὰς
317 2546 382 2609 τών
404 2547 636 2628 κρατηθέντων
658 2543 678 2630 ἢ
700 2544 892 2620 δικαιώσεις
914 2543 982 2610 ἀπό
1003 2548 1087 2610 θεοῦ
1102 2549 1169 2612 τών
1183 2547 1218 2622 ἐξ
1239 2583 1251 2593 -

188 2647 389 2732 μαρτόντων,
422 2646 477 2712 οἷα
504 2648 626 2732 Τυφών
652 2646 781 2728 λέγεται
810 2651 888 2732 περὶ
908 2647 1036 2732 Ὄσιριν
1062 2649 1253 2734 ἐξαμαρτεῖν

144 2769 169 2817 1)
189 2753 245 2817 καὶ
271 2749 395 2835 Κρόνος
418 2750 495 2837 περὶ
522 2748 680 2835 Οὐρανόν,
709 2744 754 2816 ἀν
776 2748 1000 2836 ἀμαυρότεραι
1022 2752 1199 2833 γεγόνασιν
1220 2752 1253 2818 αἳ

277 2967 288 3017 1
300 2961 417 3014 διατελεῖ
424 2962 495 3013 berb.
502 2962 588 3013 Ambe.
619 2954 789 3029 2γλώσσαις.
810 2955 902 3012 Denuo
915 2953 1013 3028 incipii
1026 2955 1254 3026 11116110111111111)

189 3034 206 3084 4
223 3029 332 3099 κατήχει
345 3032 430 3082 umbi.
500 3031 516 3081 6
534 3030 640 3099 ἱστορία
658 3032 750 3095 συνῆν]
769 3019 945 3100 ἱστοριοσόνη
964 3031 1035 3080 Barb.
1055 3032 1177 3092 (alterum
1195 3051 1209 3083 ο
1227 3048 1256 3083 ex

190 3118 264 3152 eraso
283 3120 300 3152 α
319 3099 413 3151 suetum
432 3115 489 3150 esse
503 3101 624 3163 videtur).
653 3095 963 3169 ἱστοριωσόνηΒΑιαΙκ.
1017 3102 1031 3149 1
1051 3095 1256 3152 ἀνεπν.ὓΒετΙ>.

191 3171 206 3219 9
225 3168 328 3225 ἐκεῖνος
345 3163 394 3220 οὖν
412 3184 491 3233 usque
509 3171 539 3220 οδ
552 3173 731 3238 παρωνυμίας
744 3173 775 3233 (p.
787 3170 827 3228 87,
840 3168 882 3231 18)
894 3170 958 3219 citet
970 3167 1097 3220 Eusebius
1110 3168 1200 3237 Praep.
1211 3171 1255 3222 Ev.

191 3239 251 3292 V.5
324 3241 354 3289 10
381 3239 509 3290 πλεῖστον
535 3236 563 3288 δὲ
582 3239 719 3289 Eusebius:
745 3236 855 3303 ἥδιστον
881 3236 911 3288 δὲ
937 3239 1020 3288 nostri
1039 3253 1126 3289 omues
1145 3241 1258 3306 exeeptis

191 3308 250 3359 Vet.
264 3307 293 3358 E.
328 3306 354 3357 lu
374 3305 432 3356 Vut.
454 3314 494 3357 est
515 3302 610 3372 ἥδιστα
633 3305 672 3370 δὲ,
696 3309 722 3358 iu
740 3309 761 3358 E
784 3322 847 3358 vero
866 3301 961 3372 ἥκιστα
979 3303 1010 3357 δὲ
1027 3315 1151 3372 sequente
1170 3309 1259 3359 lacuna

193 3377 225 3427 12
243 3377 295 3426 litt.
328 3375 337 3442 ΙΙ
366 3369 447 3443 λόγον
465 3376 537 3427 deest
559 3378 586 3427 iu
605 3376 759 3426 Ambr.Vut.
831 3375 859 3424 11
884 3378 930 3426 καὶ
950 3374 1040 3425 τῶνΒ
1063 3391 1119 3425 eum
1137 3377 1258 3428 Eusebio:

192 3447 238 3496 καὶ
255 3445 319 3528 περὶ
335 3445 390 3497 τῶν
406 3445 466 3496 rell.
501 3446 639 3496 Domittit
657 3446 720 3515 περὶ
737 3453 796 3512 post
814 3445 903 3512 λεγομ.
930 3507 936 3526 x
977 3444 1005 3494 13
1025 3441 1258 3528 εἶναιέφΑτοομ

194 3512 799 3651 biifb‘bub'ffif„“issibissibibi⁰¹¹·
816 3514 940 3648 Effe?
952 3514 1260 3649 ..ωῗφῗλλλζῖλιξὲἔ

194 3659 301 3719 postque
323 3655 385 3702 haee
407 3651 523 3702 laeuuum
546 3652 673 3702 iudicavi:
700 3648 770 3719 μετὰ
792 3651 840 3701 τοῦ
860 3647 900 3712 (τὸ
918 3650 950 3707 Ei
969 3652 1066 3717 φαγεῖν
1088 3652 1152 3702 libri
1172 3652 1260 3702 uestri.

195 3721 289 3772 Loeum
313 3735 427 3772 maneum
450 3722 484 3772 itu
504 3721 609 3772 refluxit
627 3720 752 3770 Eusebius
770 3722 904 3785 γενέσθαι
921 3717 970 3781 τὴν
988 3716 1089 3786 φυγήν,
1109 3714 1166 3771 ἀλλ’
1185 3721 1260 3772 ἐκπε-

196 3786 281 3842 σόντα
298 3789 390 3841 ἐλθεῖν
408 3791 445 3846 εἰς
462 3788 557 3861 ἕτερον
573 3786 686 3855 κόσμον.
717 3789 754 3841 Cf.
765 3805 791 3871 μ.
805 3788 873 3852 um
928 3788 957 3837 17
976 3802 1037 3854 περ.
1056 3788 1135 3841 ἐννέα
1154 3791 1228 3840 Barb.
1247 3785 1259 3856 ΙΙ

195 3855 232 3914 uie
258 3853 366 3922 ἀληθῶς
392 3860 518 3910 Eusebius
600 3858 631 3911 18
656 3860 823 3909 κατελθοντα
850 3856 987 3907 Eusebius:
1024 3858 1070 3906 καὶ
1095 3856 1151 3910 ue.
1180 3857 1261 3908 nostri

199 3928 229 3977 19
248 3923 332 3985 οὕτως
349 3927 379 3980 δὲ
396 3929 474 3978 libri?
498 3926 507 3995 11
531 3927 604 3994 ἔχειν
621 3927 726 3977 Euseb:
746 3926 801 3995 ἔχει
825 3925 833 3993 ii
857 3926 903 3977 καί
920 3921 953 3976 τὰ
969 3928 1024 3975 Τιτ.
1037 3927 1119 3977 unul)
1174 3926 1201 3976 21
1224 3925 1262 3976 δι-

195 3986 329 4060 καιώσεις]
349 3993 456 4053 δικώοις
474 3997 545 4047 barb.
559 3997 643 4047 Ambe.
674 3991 797 4052 δοκώσεις
814 3997 834 4045 D
854 3999 930 4052 (teste
951 3994 1042 4056 beru).
1078 3993 1155 4052 δίκας
1172 3995 1260 4046 Euseb.

200 4060 213 4132 ΙΙ
230 4056 475 4185 ἔξαμαρταμόντων
492 4066 613 4117 DAmbr.
672 4066 704 4115 22
724 4072 781 4131 post
794 4057 897 4133 Τύφων
914 4063 1007 4114 hebent
1024 4079 1054 4114 τε
1072 4065 1143 4115 οοδδ.
1157 4063 1261 4114 Eusebii

198 4143 311 4201 exeeptis
329 4150 353 4198 s,
