2842 4724
199 294 241 358 63
613 292 664 342 mc
683 289 856 342 mimicw
1084 282 1112 308 ¹
1199 307 1268 357 μοι

198 468 282 553 πρὸς
302 468 361 553 τὴν
384 470 513 544 κακίαν,
536 462 577 552 ἢν
599 469 726 540 εἴωθας
749 462 802 529 ἀεὶ
823 467 870 552 τῷ
892 462 978 552 λόγῳ
1003 463 1170 542 κολάζειν,
1196 470 1263 530 Πυ-

198 570 302 647 θικάς
335 570 516 655 ἐκεχειρίας
547 566 783 653 σπεισάμενος,
818 567 932 655 ἑτέραν
961 569 1038 633 τινά
1066 569 1146 653 μεθ’
1176 565 1267 653 ἡμῶν

198 676 311 739 αἰτίαν
347 672 432 759 ζήτει
466 672 523 757 τῆς
555 672 731 756 λεγομένης
760 671 941 758 ἐκλείψεως
962 673 1028 737 τόν
1049 676 1265 757 χρηστηρίων.

197 777 255 844 τόν
277 777 314 842 δὲ
338 777 421 843 θἐδν
443 773 561 862 εὐμενῆ
584 773 727 861 φύλαττε
743 779 806 858 καὶ
830 771 1011 862 ἀμήνιτον.’
1043 774 1108 861 δγιδ
1128 775 1191 862 μὲν
1211 771 1267 840 οῦν

197 881 288 945 ταῦτ’
322 881 428 946 εἰπών
460 881 599 944 τοσοῦτο
633 878 877 965 διεπραξάμην,
912 874 993 945 ὅσον
1022 876 1188 944 ἀπελθεῖν
1210 879 1290 946 διάι

198 987 314 1067 θυρῶν
337 987 449 1074 σιωπῇ
470 983 525 1048 τόν
551 981 795 1071 Πλανητιάδην.

288 1117 316 1178 8.
349 1111 504 1195 Ἡσυχίας
526 1113 564 1178 δὲ
585 1117 760 1201 γενομένης
781 1113 836 1197 ἐπ’
858 1110 984 1204 ἀλίγον,
1008 1110 1266 1180 ὁΑΜΜΩΝΙΟΣ

202 1218 260 1302 έμὲ
281 1215 550 1302 προσαγορεύσας
572 1213 648 1303 *ὅρα
670 1222 702 1281 τί
725 1218 902 1302 ποιοῦμεν’
918 1220 1014 1282 εἶπεν
1029 1202 1065 1281 *τό
1083 1205 1265 1302 Λαμπρία,

203 1322 259 1386 καὶ
283 1320 426 1404 πρόσεχε
447 1322 493 1405 τῷ
515 1318 601 1404 λόγῳ
624 1318 682 1406 την
704 1320 872 1398 διάνοιαν,
907 1317 999 1396 ὅπως
1027 1321 1072 1405 μη
1099 1321 1159 1386 τὸν
1187 1319 1267 1384 θεὸν

160 1437 184 1485 Ε
204 1421 356 1489 ἀναίτιον
378 1425 538 1508 ποιῶμεν.
577 1420 595 1487 δ
617 1424 679 1506 γὰρ
702 1420 791 1510 ἄλλῳ
814 1424 879 1488 τινὶ
901 1425 956 1488 καὶ
980 1424 1024 1508 μὴ
1048 1424 1134 1488 θεοῦ
1156 1423 1265 1508 γνώμη
1278 1447 1301 1486 ω

201 1529 243 1591 τὰ
265 1527 464 1612 παυσάμενα
485 1529 550 1591 τόν
569 1531 775 1613 χρηστηρίων
796 1526 948 1592 ἐκλιπεῖν
969 1524 1161 1611 ἡγούμενος,
1185 1522 1266 1591 δπό-

202 1655 298 1697 νοιαν
321 1631 441 1695 δίδωσι
464 1632 524 1694 τοῦ
545 1631 589 1715 μὴ
612 1634 790 1710 γίγνεσθαι
814 1630 893 1714 μηδ’
918 1633 1003 1695 εἶναι
1027 1628 1086 1694 διὰ
1108 1627 1266 1695 τὸνθεόν

202 1732 271 1800 ἀλλ’
294 1733 392 1819 ἑτέρῳ
415 1734 480 1799 τινὶ
502 1730 616 1818 τρόπῳ
639 1729 795 1817 νομίζειν.
830 1731 868 1797 οῦ
890 1732 953 1816 γάρ
976 1730 1059 1817 άλλη
1079 1735 1119 1812 γέ
1132 1756 1184 1807 τις
1199 1730 1266 1796 ἔστι

201 1837 323 1921 μείζων
346 1834 423 1902 οῦδὲ
445 1841 601 1923 κρείττων
623 1835 775 1922 δύναμις,
811 1832 894 1901 ὥστε
923 1834 1074 1922 ἀναιρεῖν
1099 1836 1156 1900 καὶ
1180 1835 1266 1921 ἀφα-

202 1939 305 2016 νίζειν
327 1943 422 2026 ἔργον
444 1942 529 2005 θεοῦ
550 1941 609 2025 την
630 1939 792 2026 μαντικὴν
815 1935 927 2005 οὖσαν.
972 1937 989 2004 ό
1013 1939 1074 2024 μὲν
1097 1928 1159 2004 οῦν
1178 1938 1297 2007 flia-1⁵

202 2040 360 2130 νητιάδου
392 2043 489 2123 λόγος
524 2040 582 2108 οῦκ
612 2040 749 2129 ἀρεστὸς
771 2043 845 2129 ἐμοὶ
869 2039 929 2108 διά
951 2068 986 2107 τε
1007 2041 1112 2107 τᾶλλα
1134 2043 1190 2106 καί
1213 2043 1266 2127 την

203 2144 406 2232 ἀνωμαλίαν,
430 2144 469 2233 ἣν
492 2146 570 2234 περὶ
592 2145 754 2212 τὸνθεόν
775 2157 880 2223 ποιεί,
904 2147 951 2231 πῆ
973 2145 1034 2230 μὲν
1057 2139 1265 2230 ἀποστρεφό-

203 2273 303 2336 μενον
325 2252 382 2315 καὶ
404 2249 613 2325 ἀπαξιοῦντα
628 2251 687 2336 την
702 2255 821 2315 κακίαν
837 2251 885 2336 πῆ
900 2249 937 2314 δὲ
953 2249 1059 2314 πάλιν
1074 2244 1118 2313 αὖ
1133 2251 1266 2334 προσιέ-

202 2376 314 2437 μενον·
350 2353 462 2440 ὥσπερ
490 2357 521 2418 εί
549 2353 706 2439 βασιλεῦς
731 2378 782 2429 τις
809 2352 829 2439 ἢ
854 2351 1012 2438 τύραννος
1034 2351 1162 2436 ἑτέραις
1185 2349 1267 2416 ἀπο·

202 2459 320 2523 κλείων
341 2457 466 2544 θύραις
488 2458 564 2534 τους
586 2456 751 2544 πονηροὺς
772 2458 851 2522 καθ’
874 2455 985 2542 ἑτέρας
1007 2455 1192 2536 εἰσδέχοιτο
1214 2455 1297 2528 καίη

160 2588 183 2637 p
202 2561 408 2646 χρηματίζοι.
451 2563 510 2627 τοῦ
532 2562 570 2626 δὲ
591 2565 725 2645 μετρίου
752 2561 808 2624 καὶ
832 2559 947 2626 ἱκανοῦ
969 2559 1025 2623 καὶ
1048 2559 1186 2646 μηδαμῆ
1207 2582 1264 2624 πε-

205 2667 315 2750 ριττοῦ
347 2667 500 2751 πανταχῆ
531 2665 568 2729 δὲ
601 2663 782 2750 αὐτάρκους
812 2663 889 2749 <nai
923 2660 987 2748 ιδς>
1019 2660 1167 2746 μάλιστα
1199 2673 1265 2737 τοῖς

203 2772 301 2844 θεοίς
323 2773 512 2853 πρέποντος
527 2807 568 2816 -
583 2767 666 2849 λέγω
690 2768 722 2832 δ’
747 2767 820 2833 οἷον
843 2768 874 2831 εί
894 2765 1016 2852 ταότην
1034 2765 1146 2848 λαβὼν
1168 2762 1265 2851 ἀρχην

204 2874 289 2957 φαίη
322 2896 381 2953 τις,
416 2870 467 2936 ὅτι
501 2875 557 2958 τῆς
590 2873 701 2955 κοινῆς
730 2867 953 2955 ὀλιγανδρίας,
986 2867 1026 2955 ἢν
1047 2866 1084 2931 αἳ
1108 2866 1265 2955 πρότεραι

204 2972 336 3049 στάσεις
366 2975 422 3037 καὶ
452 2972 485 3038 οἱ
512 2972 654 3059 πόλεμοι
678 2975 756 3057 περὶ
779 2976 893 3039 πᾶσαν
915 2971 1000 3058 ὁμοῦ
1021 2997 1054 3036 τι
1077 2973 1137 3058 την
1160 2975 1298 3040 οίκου-ιι

131 3091 185 3142 414
202 3079 303 3161 μένην
325 3073 582 3162 ἀπειργάσαντο,
605 3078 765 3144 πλεῖστον
786 3081 885 3163 μέρος
906 3075 925 3164 ἡ
946 3075 1061 3152 Ἑλλάς
1082 3079 1265 3162 μετέσχηκε,

202 3182 259 3242 καὶ
290 3180 387 3263 μόλις
419 3179 460 3246 ἀν
490 3182 549 3246 νῦν
582 3177 639 3266 ὅλη
675 3178 844 3266 παράσχοι
878 3181 1081 3268 τρισχιλίους
1115 3177 1266 3256 ὁπλίτας,

288 3509 303 3558 2
330 3506 492 3580 έκκεχειρίας
514 3509 549 3562 V³
566 3510 651 3560 Amic.
677 3510 766 3573 (corn,
794 3517 821 3559 ut
847 3510 960 3575 videtur,
985 3524 1023 3574 pr.
1042 3511 1086 3573 m.)
1115 3507 1125 3576 [1
1161 3469 1268 3562 ἀπατά-

200 3591 285 3644 μενος
302 3576 388 3628 Ambr.
459 3580 476 3629 4
502 3570 639 3647 φυλάττου
656 3579 676 3628 Ε
691 3578 747 3628 Vct.
818 3578 833 3627 8
859 3575 937 3629 εἶπεν
964 3593 1011 3628 om.
1030 3578 1104 3628 Bari.
1177 3581 1208 3630 14
1233 3564 1268 3629 τόν

200 3660 233 3712 γε
256 3661 301 3713 pro
324 3639 392 3698 ὥστε
410 3646 482 3698 Bnrb.
563 3647 593 3697 15
621 3641 719 3699 οὐσίαν
742 3647 807 3697 idem
890 3646 921 3697 18
943 3646 983 3716 πῇ
1007 3644 1034 3696 δ’
1058 3639 1093 3696 αὖ
1116 3664 1164 3717 πρ.
1184 3647 1266 3698 Ambr.

201 3717 232 3766 21
249 3714 449 3785 χρηματίζειν
474 3714 482 3781 11
508 3715 607 3767 τοῦ-
625 3715 753 3786 περιττοῦ
772 3717 865 3765 desunt
882 3715 908 3765 in
926 3714 1018 3765 Evct.
1044 3714 1053 3782 ii
1082 3731 1134 3783 μετ
1153 3719 1197 3766 lov
1213 3715 1268 3783 iim3

201 3784 302 3847 petius:
326 3787 457 3851 μεγίστου
475 3783 539 3834 libri
562 3781 571 3849 li
595 3782 708 3852 μηδαμῆ
727 3791 765 3847 (ηι
782 3782 867 3834 fuci-ct
885 3785 911 3833 in
926 3782 969 3846 Ψ)
983 3782 1004 3835 V
1017 3783 1088 3834 Barb.
1101 3785 1120 3833 B
1135 3733 1151 3834 λ

202 3852 227 3899 iu
256 3852 341 3903 Amhr.
369 3853 411 3902 ubi
438 3851 553 3921 μηδαμυ
578 3853 609 3913 (υ
635 3853 661 3902 in
688 3856 764 3914 1·as.):
793 3849 924 3920 μηδαμοῦ
949 3853 1008 3903 rcll.
1095 3852 1129 3902 22
1157 3853 1204 3904 καλ
1232 3847 1265 3906 τίς

202 3919 307 3970 inserui.
344 3920 407 3971 Post
428 3921 585 3992 πρέποντος
606 3920 713 3970 subaudi
735 3911 818 3987 λόγου
896 3921 928 3971 23
951 3921 1021 3987 λέγω
1039 3917 1067 3970 δ’
1086 3913 1147 3973 οἷον
1164 3921 1264 3987 scripsi:

202 3985 292 4052 ἔργοις
310 3988 360 4038 Vl?
377 3989 449 4039 Bccb.
465 3989 584 4040 Amici*
611 3987 691 4058 ἔργον
718 3988 775 4037 rell.
805 3987 813 4054 ΙΙ
844 3985 941 4054 ταύτην
965 3985 1056 4054 λαβὼν
1076 3982 1174 4061 ἀρχὴν]
1197 3991 1264 4040 dccci

201 4049 290 4121 ἀρχὴν
307 4057 333 4105 iu
352 4056 372 4107 F
386 4057 406 4106 Ε
421 4058 478 4109 Vnt.
497 4059 560 4107 uude
578 4051 662 4129 ιαότη
680 4054 817 4122 διαλαβὼν
837 4060 919 4123 possis
938 4058 1067 4121 conjicere
1146 4059 1179 4108 25
1197 4053 1264 4124 ὁμοῦ

201 4127 239 4186 τι]
258 4126 330 4175 deest
348 4142 374 4176 τι
391 4127 417 4176 in
438 4127 458 4177 V
474 4129 545 4176 Barb.
564 4127 630 4189 (cdd.
650 4143 700 4179 ccc.
720 4133 763 4189 ιιι.)
782 4128 898 4176 Amicii
1056 4138 1059 4143 '

1149 3792 1266 3850 uocatque
