2842 4724
164 301 235 352 μοι
568 281 820 335 ORAGULORUM
1188 286 1230 348 69

164 456 269 543 ὅσους
287 454 310 543 ή
332 461 515 546 Μεγαρέων
535 461 597 550 μία
621 452 719 550 πόλις
741 457 930 542 ἐξέπεμψεν
952 460 999 534 είς
1023 459 1229 535 Πλαταιέας·

164 560 263 627 οῦδὲν
285 558 343 626 οὖν
366 565 482 644 ἕτερον
498 558 538 645 ήν
558 560 596 624 τό
621 557 730 625 πολλά
752 557 950 625 καταλιπεῖν
971 559 1159 647 χρηστήρια
1170 564 1232 628 ’τ’δν
1336 574 1340 579 ’

163 665 249 731 θεόν
277 664 298 751 ἢ
324 665 381 751 τής
400 662 556 738 Ἑλλάδος
586 664 732 745 ἐλέγχειν
760 666 818 749 τήν
849 663 1051 749 ἐρημίαν-
1073 663 1231 750 ἀκριβοῦς

164 769 206 835 ἀν
238 766 326 854 αὐτῷ
359 764 569 852 παράσχοιμι
604 768 660 853 τής
691 764 931 852 εῦρησιλογίας.
980 771 1067 844 τίνος
1096 769 1159 854 γάρ
1191 765 1231 855 ήν

134 870 307 953 τάγαθόν,
340 869 410 957 (τί)
436 869 478 949 ἐν,
496 869 657 953 Τεγύραις
678 866 792 953 ὥσπερ
816 868 977 955 πρότερον
992 870 1229 956 ήνμαντετον,

164 975 183 1062 ἢ
200 975 279 1060 περὶ
293 974 330 1040 τό
348 976 467 1060 Πτῷον
482 969 569 1040 ὅπου
585 969 734 1059 “ήματος
745 970 868 1058 ’μέρος”
891 974 1037 1056 ἐντυχεῖν
1059 974 1149 1042 ἔστιν
1171 973 1231 1041 ἀν-

163 1078 294 1165 θριόπηι
317 1080 449 1163 νέμοντι
455 1106 475 1157 ,·;
489 1077 548 1141 καὶ
569 1077 631 1158 γάρ
653 1079 749 1143 τοῦτο
770 1077 810 1162 δή
834 1074 1026 1143 τούνταῦθα
1041 1077 1229 1165 πρεσβῦτα-

162 1206 222 1249 τον
244 1181 282 1248 όν
300 1179 417 1267 χρόνῳ
440 1205 476 1245 τε
498 1179 576 1265 δόξη
600 1181 647 1245 ιε’
663 1179 874 1274 κλεινότατον
896 1177 963 1247 ῦπό
986 1185 1110 1268 θηρίου
1132 1183 1229 1264 χαλε-

164 1288 232 1352 ποῦ
255 1286 433 1371 δρακαίνης
456 1282 561 1357 πολὺν
583 1283 701 1369 χρόνον
716 1283 837 1370 ἔρημον
851 1283 1012 1365 γενέσθαι
1028 1287 1084 1350 καὶ
1100 1283 1230 1371 ἀπροσ-
1249 1305 1271 1356 Β

124 1416 148 1454 1⁰
163 1388 331 1455 πέλαστον
360 1387 560 1472 ἱστοροῦσιν,
596 1384 652 1452 οῦκ
680 1384 792 1471 ὀρθῶς
819 1389 878 1473 τήν
906 1386 1027 1475 ἀργίαν
1055 1387 1124 1454 ἀλλ’
1147 1387 1230 1457 ἀνά-

164 1493 271 1559 παλιν
293 1491 531 1575 λαμβάνοντες·
563 1489 583 1576 ἡ
610 1492 673 1574 γάρ
695 1490 817 1577 ἐρημία
838 1492 876 1557 τὸ
899 1495 1022 1578 θηρίον
1044 1492 1229 1578 ἐπηγάγετο

163 1588 327 1682 μάλλονή
348 1595 384 1661 τό
401 1598 525 1682 θηρίον
540 1594 680 1680 ἐποίησε
694 1596 753 1680 τήν
768 1590 916 1680 ἐρημίαν.Ι
951 1594 1027 1660 ἐπεὶ
1043 1596 1082 1661 δὲ
1095 1599 1142 1683 τῷ
1157 1599 1230 1684 θεῷ

164 1700 268 1774 δόξαν
290 1695 393 1775 οὕτως
414 1696 434 1786 ή
456 1723 492 1763 τε
510 1697 624 1774 Ἑλλάς
646 1695 800 1785 ἐρρώσθη
824 1696 946 1764 πόλεσι
969 1699 1025 1763 καὶ
1048 1699 1085 1765 τό
1107 1704 1230 1785 χωρίον

162 1800 362 1886 ἀνθρώποις
383 1799 563 1888 ἐπλήθυνε,
587 1802 685 1868 δυσὶν
707 1801 847 1887 ἐχρῶντο
868 1801 1074 1888 προφήτισιν
1089 1802 1122 1868 ἐν
1136 1807 1229 1890 μέρει

122 1931 149 1970 nn
164 1909 397 1989 καθιεμέναις,
421 1905 477 1978 καὶ
498 1903 589 1991 τρίτη
613 1905 641 1970 δ’
662 1904 801 1991 ἔφεδρος
816 1897 856 1991 ήν
871 1901 1149 1992 ἀποδεδειγμένη.
1171 1909 1230 1973 νῦν

164 2010 198 2073 δ’
220 2008 292 2074 ἔστι
314 2013 378 2093 μία
400 2010 577 2094 προφῆτις,
609 2010 664 2072 καὶ
688 2006 746 2073 οῦκ
769 2009 983 2092 ἐγκαλοῦμεν·
1015 2010 1146 2096 ἐξαρκεῖ
1166 2013 1229 2098 γάρ

164 2108 246 2198 αῦτη
270 2123 341 2188 τοῖς
363 2114 542 2197 δεομένοις.
580 2109 620 2177 οῦ
641 2115 754 2178 τοίνυν
775 2113 944 2178 αἰτιατέον
967 2110 1044 2178 οῦδὲ
1070 2112 1227 2200 (τοῦτον)

163 2215 222 2281 τόν
251 2213 346 2281 θεόν·
375 2213 395 2301 ή
426 2217 488 2299 γάρ
518 2213 603 2282 οὖσα
634 2215 774 2301 μαντική
804 2216 860 2280 καὶ
890 2217 1095 2299 διαμένουσα
1124 2217 1231 2284 πάσίν

163 2318 256 2385 ἐστιν
279 2317 372 2405 ἱκανή
396 2319 452 2383 καὶ
477 2319 605 2394 πάντας
627 2315 825 2404 ἀποπέμπει
848 2318 1068 2402 τυγχάνοντας
1088 2312 1131 2385 τόν
1153 2318 1229 2405 χρή-

121 2449 148 2487 20
167 2422 288 2498 ζουοιν.
332 2419 443 2509 ὥσπερ
470 2420 529 2490 οὖν
556 2424 650 2495 ἐννέα
672 2422 805 2510 κήρυξιν
827 2421 846 2490 δ
864 2420 1078 2509 Ἀγαμέμνων
1100 2423 1270 2510 ἐχρήτο,ο

163 2526 220 2590 καὶ
241 2526 338 2608 μόλις
359 2537 489 2608 κατεῖχε
514 2528 573 2613 τήν
595 2526 771 2614 ἐκκλησίαν
796 2526 856 2593 διά
877 2527 1024 2613 πλῆθος,
1054 2526 1154 2612 <καὶ>
1178 2524 1229 2592 ἐν·

150 2630 277 2695 Ιταῦθα
305 2627 439 2714 ὄψεσθε
460 2632 541 2715 μεθ’
562 2629 685 2718 ήμέρας
707 2630 822 2712 ὀλίγας
849 2631 886 2697 ἐν
914 2634 961 2718 τῷ
987 2629 1122 2716 θεάτρῳ
1149 2634 1231 2714 μίαν

248 3044 260 3094 1
281 3042 415 3096 πλαταίας
426 3040 498 3091 Bnnb.
512 3041 597 3091 λαιόν.
611 3042 758 3102 (secundnm
777 3058 795 3090 α
813 3048 873 3092 tert.
886 3055 918 3090 m.
938 3039 964 3090 in
982 3053 1033 3090 ras.
1048 3037 1144 3103 posuit)
1163 3036 1229 3089 BV³

160 3111 176 3161 3
204 3104 333 3178 ἀκριβοῦς
360 3109 454 3174 scripsi
481 3105 549 3227 (ἄκη).
578 3109 622 3173 τῆς
648 3103 702 3180 εόρ.
729 3109 794 3160 idcm
817 3109 890 3160 vnlct
911 3114 987 3174 atquc
1010 3104 1071 3173 μετ’
1095 3103 1229 3176 ἀκριβείας

158 3175 365 3247 εόρεσιλογεῖνηε
383 3175 499 3247 ἀκριβῶς
511 3179 529 3228 li
548 3179 570 3228 ri
613 3178 629 3228 4
647 3175 829 3247 εόρεσιλογίας
842 3173 1028 3228 Ambr.BV³E
1076 3177 1091 3224 5
1109 3169 1227 3241 ἀγαθόν]

159 3243 238 3307 ἀξιον
267 3247 498 3313 Haupt‘fflcrmcs
523 3245 555 3297 Vl
582 3263 605 3313 p.
625 3246 690 3306 257)
721 3245 730 3313 ΙΙ
764 3247 788 3297 εἰ
816 3247 871 3296 cdd.
891 3243 1079 3310 Wyttcnbcch·
1094 3240 1103 3308 Ιί
1133 3237 1228 3311 ὥσπερ

159 3317 267 3383 scripsi:
294 3311 330 3371 ὠς
398 3316 413 3365 6
439 3309 546 3382 ήματος
570 3315 661 3383 μέρος]
688 3315 845 3379 inscripsi
871 3328 904 3363 cx
921 3312 1043 3378 Aeschyl.
1060 3311 1148 3375 Apum.
1166 3312 1229 3363 561:

159 3382 262 3453 ἡμέρας
279 3401 309 3450 μ.
322 3383 395 3435 Barb.
423 3401 453 3451 μ.
465 3378 568 3450 ἡμέρας
586 3385 644 3434 rell.
677 3381 724 3433 Est
741 3384 838 3433 locutio
857 3381 1001 3448 Aeschylon
1019 3396 1033 3430 ι
1052 3379 1153 3431 triviali
1172 3395 1228 3430 scr-

159 3469 233 3504 mone
251 3453 333 3518 pntits
350 3450 405 3502 icrc
423 3453 489 3503 iden
508 3452 654 3517 significans
672 3458 746 3517 atquc
764 3450 846 3518 ἔργον
862 3447 975 3517 ἡμέρας.
1006 3448 1089 3499 Locus
1102 3448 1227 3516 Aeschyli

160 3539 175 3573 n
202 3520 443 3572 commentatoribus
470 3520 536 3571 nale
562 3521 710 3571 intellectus
728 3521 961 3585 vinterpunctnsqnc
989 3524 1030 3568 cst
1100 3516 1113 3564 ’ί
1138 3509 1228 3582 δήπου

159 3590 279 3643 ἐνταῦθα
298 3589 369 3638 libri:
393 3605 459 3639 corr.
472 3589 556 3654 Haupt
573 3588 689 3652 (Hermes
703 3586 736 3638 v1
755 3605 778 3654 p.
791 3588 851 3649 257)
921 3586 937 3637 8
952 3580 1046 3655 χρόνῳ
1062 3600 1089 3636 τε
1106 3573 1171 3653 δόξη
1189 3587 1226 3647 τε]

160 3655 424 3711 ithBn1·b.Ambr.
458 3673 505 3726 χρ.
524 3673 552 3708 τε
570 3658 617 3708 καὶ
634 3655 657 3708 δ.
676 3657 734 3707 ncll.
799 3657 829 3706 10
847 3650 897 3717 τὴν
915 3649 1023 3721 ἀργίαν]
1043 3649 1093 3718 τήν
1110 3651 1228 3718 ἐρημίαν

161 3727 276 3777 Barim
307 3725 346 3788 (in
376 3732 465 3791 marg.)
495 3726 548 3776 Pct.
580 3727 622 3787 (in
652 3730 751 3788 στρομ).
800 3723 849 3788 τὴν
884 3724 975 3774 αἰτίαν
1009 3721 1074 3786 conj.
1102 3720 1226 3771 Mcnirinc

163 3801 194 3853 12
220 3799 281 3852 ἐπεὶ
304 3799 332 3853 δὲ
350 3827 391 3850 -.
428 3791 527 3864 incipit
545 3789 658 3849 collatio
679 3791 801 3849 Palatini
812 3791 865 3873 Ι170
937 3796 967 3845 13
991 3797 1106 3865 χωρίον]
1128 3796 1227 3862 θηρίον

162 3869 281 3920 V¹Bcrb.
343 3869 373 3918 17
393 3861 458 3932 αῦτη
476 3867 627 3930 Stegmann:
654 3859 721 3928 αὐτή
741 3864 750 3932 η
770 3881 866 3915 τουτου
885 3865 983 3915 inserui
1045 3864 1077 3913 20
1095 3862 1225 3930 ἐκέχρητο

161 3937 247 3988 Ambr.
334 3936 365 3988 21
393 3939 438 3987 καὶ
463 3934 570 3987 ἐνταῦθ’
595 3930 714 3999 ὄψεσθε]
733 3936 769 3984 itc
788 3934 893 4000 scripsi:
919 3930 1027 3984 ἐνταῦθ’
1047 3927 1152 3999 ῦψεσθε
1170 3929 1225 3981 Pal.

163 4005 268 4057 ἐνταῦθ’
288 3998 412 4070 ὄψεσθαι
430 4004 463 4054 V¹
476 4004 550 4053 Bnrb.
585 4002 705 4055 ἐνταῦθα
723 4000 755 4052 δ’
772 3997 881 4068 ὄψεσθε
899 4001 956 4052 rell.
