2842 4724
202 282 246 347 42
621 282 671 334 οε
689 281 851 335 mmm
1199 300 1269 354 ,mm

200 461 377 544 <Φωκικοῦ
405 458 539 544 πλῆθος
567 458 645 544 πάρ’
668 455 781 534 αὐτοῖς
804 454 843 545 ῆν
865 457 921 522 καί
945 455 1148 545 ποιήσαντες
1170 456 1269 543 ἀργυ-

200 564 280 649 ρᾶν>
297 560 417 648 όδρίαν
439 562 640 648 ἀνέπεμψαν
661 560 787 629 ἐνθάδε
809 565 855 647 τῷ
878 564 950 650 θεῷ
969 564 1026 628 καὶ
1042 567 1266 650 καθιέρωσαν.

129 676 182 730 4ον
200 666 264 747 ἐγῶ
291 666 329 732 δέ
355 666 412 731 καὶ
437 671 645 749 Μυριναίους
667 666 795 731 ἐπαινῶ
817 666 873 731 καὶ
891 664 1164 744 Ἀπολλωνιάτας
1184 673 1267 756 θέρη

198 771 303 853 χρυσῶ
335 769 431 853 δεῦρο
459 774 676 856 πέμψαντας,
711 769 759 834 ἔτι
793 769 832 834 δὲ
863 769 993 854 μάλλον
1008 768 1187 855 Ἐρετριεῖς
1213 772 1267 837 καὶ

202 874 382 959 Μάγνητας
412 870 603 958 ἀνθρώπων
630 873 801 957 ἀπαρχαῖς
824 873 1079 958 δωρησαμένους
1097 876 1159 941 τόν
1173 875 1288 955 θεόν,τ

200 976 242 1053 ῶς
264 978 400 1062 καρπῶν
422 975 546 1062 δοτῆρα
568 976 623 1041 καί
648 977 803 1060 πατρῷον
824 977 880 1041 καὶ
902 980 1052 1055 γενέσιον
1074 977 1132 1041 καί
1148 975 1266 1064 φιλάν-

200 1085 355 1166 θρωπον·
389 1081 549 1164 αἰτιῶμαι
585 1079 623 1144 δὲ
645 1082 826 1164 Μεγαρεῖς,
861 1076 914 1145 ότι
941 1079 1040 1164 μόνοι
1069 1080 1189 1162 σχεδὸν
1216 1082 1267 1148 έν-

199 1185 313 1249 ταῦθα
341 1180 462 1268 λόγχην
490 1183 605 1263 ἔχοντα
627 1184 686 1250 τόν
707 1183 792 1249 θεὸν
814 1182 956 1267 ἔστησαν
977 1179 1047 1248 ἀπὸ
1069 1185 1128 1268 τῆς
1149 1184 1265 1271 μάχης,

200 1285 240 1372 ἣν
249 1284 450 1372 Ἀθηναίους
472 1286 555 1370 μετά
577 1288 619 1351 τά
638 1287 784 1371 Περσικά
806 1287 864 1373 τῆν
886 1283 988 1352 πόλιν
1010 1286 1147 1367 ἔχοντας
1160 1286 1266 1356 αὐτῶν

199 1389 389 1475 νικήσαντες
411 1389 576 1473 ἐξέβαλον.
610 1386 747 1476 ὕστερον
769 1394 880 1474 μέντοι
904 1391 1071 1476 πλῆκτρον
1093 1388 1265 1478 ἀνέθηκαν
1275 1423 1296 1463 ιο

199 1495 245 1581 τῷ
267 1495 339 1580 θεῷ
360 1494 506 1575 χρυσοῦν
528 1492 766 1580 ἐπιστήσαντες
788 1492 832 1570 ῶς
855 1493 942 1560 ἔοικε
957 1497 1114 1580 Σκυθίνῳ
1138 1495 1265 1578 λέγοντι

200 1597 276 1683 περὶ
299 1599 355 1682 τῆς
376 1593 489 1679 λόρας,
513 1615 599 1668 (Bergk
613 1614 635 1655 11
649 1629 670 1668 p.
684 1614 734 1667 τοι)

867 1705 917 1795 ῆν
939 1706 1119 1795 ἁρμόζεται

243 1813 348 1897 Ζηνὸς
370 1810 498 1899 εόειδῆς
519 1810 700 1889 Απόλλων,
725 1814 840 1878 πάσαν
862 1810 964 1898 ἀρχὴν
985 1814 1041 1877 καὶ
1064 1812 1159 1890 τέλος

157 1929 179 1978 B
243 1914 429 1999 συλλαβῶν·
460 1916 526 1998 ἔχει
555 1916 591 1980 δὲ
618 1916 773 2001 λαμπρόν
795 1916 961 2002 πλῆκτρον
981 1914 1079 2003 ἡλίου
1102 1915 1226 2002 φάος.”
1275 1946 1296 1984 υ

287 2095 335 2154 17.
353 2089 612 2174 Ἐπιβάλλοντος
634 2090 672 2155 δὲ
693 2094 754 2156 τοῦ
771 2094 985 2174 Σεραπίωνος
1008 2095 1121 2158 εἰπεῖν
1142 2117 1176 2157 τι
1192 2093 1266 2178 περὶ

199 2193 336 2272 τούτων,
361 2193 531 2262 οἛΝΟΣ
555 2193 626 2280 ιῆδό
648 2196 716 2279 μέν’
740 2194 802 2279 ἔφη
827 2193 873 2259 *τό
895 2192 1056 2262 τοιοότων
1076 2192 1266 2280 ἀκροᾶσθαι

200 2292 320 2378 λόγων,
353 2298 428 2383 ἐμοὶ
460 2298 497 2363 δέ
530 2297 712 2379 ἀναγκαῖόν
744 2298 816 2363 ἔστι
848 2297 907 2383 τῆν
929 2295 1064 2384 πρῶτην
1085 2296 1267 2382 ὑπόσχεσιν

200 2399 387 2486 ἀπαιτῆσαι
423 2403 500 2486 περὶ
529 2405 586 2487 τῆς
613 2404 736 2479 αἰτίας,
772 2399 966 2486 ἣπέτταυκε
987 2397 1048 2488 τῆν
1071 2406 1213 2468 Πυθίαν
1234 2402 1267 2468 ἓν

200 2505 297 2570 ἔπεσι
324 2505 380 2570 καὶ
402 2509 535 2591 μέτροις
557 2504 670 2582 ἄλλοις
692 2503 937 2580 θεσπίζουσαν·
971 2501 1067 2584 ῶστε,
1101 2507 1134 2570 εί
1160 2505 1299 2582 δοκετ,ιο

199 2609 240 2673 τά
268 2606 453 2694 λειπόμενα
479 2610 535 2694 τῆς
563 2613 648 2685 θέας
671 2602 899 2694 όττερθέμενοι
922 2609 1000 2691 περὶ
1022 2607 1147 2676 τούτων
1170 2606 1266 2675 ἀκοό-

200 2731 309 2796 σωμεν
338 2713 486 2779 ἐνταῦθα
509 2716 720 2789 καθίσαντες.
766 2707 860 2788 οὗτος
880 2711 944 2796 γάρ
966 2712 1058 2779 ἔστιν
1081 2710 1101 2778 ό
1122 2711 1266 2798 μάλιστα

201 2815 286 2901 πρός
312 2817 371 2902 τῆν
398 2818 456 2883 τοῦ
482 2822 679 2903 χρηστηρίου
703 2820 820 2883 πίστιν
842 2813 1044 2900 ἀντιβαίνων
1066 2814 1177 2897 λόγος,
1213 2814 1266 2894 ῶς,

201 2919 294 3012 δυεῖν
321 2921 478 3007 θάτερον,
509 2946 529 3006 η
552 2923 609 3008 τῆς
633 2924 769 2994 Πυθίας
790 2920 837 3004 τῷ
858 2924 968 3006 χωρίῳ
991 2921 1036 3006 μῆ
1060 2917 1267 3007 πελαζούσης

200 3023 237 3089 ἓν
273 3018 300 3108 ᾦ
335 3025 372 3089 τό
410 3022 512 3091 θεῖόν
544 3024 648 3103 ε’στιν,
686 3023 706 3108 ῆ
738 3025 796 3088 τοῦ
829 3023 1016 3107 πνεύματος
1049 3023 1299 3091 παντάπασινυ

159 3123 451 3212 Οάπεσβεσμένου
488 3128 543 3193 καὶ
580 3130 637 3213 τῆς
670 3127 840 3213 δυνάμεως
872 3126 1113 3203 ἐκλελοιπυίας.
1169 3151 1266 3213 περι-

201 3229 356 3308 ελθόντες
378 3229 438 3299 οὖν
456 3231 515 3297 έπὶ
530 3233 599 3297 τῶν
614 3234 845 3316 μεσημβρινῶν
860 3230 1080 3315 καθεζόμεθα
1094 3232 1266 3318 κρηπίδων

202 3334 302 3420 <τοῦ>
336 3335 397 3399 νεώ
430 3335 514 3421 πρός
546 3334 584 3399 τό
607 3337 663 3420 τῆς
686 3338 749 3420 Γῆς
774 3332 864 3419 ἱερόν
885 3334 923 3399 τό
945 3359 980 3398 τε
1002 3330 1091 3420 ὕδωρ
1115 3335 1159 3379 ³³*
1182 3333 1266 3401 ἀπο·

201 3438 392 3521 βλέποντες·
427 3436 503 3503 ὥστ’
526 3432 629 3514 εδθύς
657 3441 768 3504 εἰπεῖν
789 3439 847 3503 τόν
868 3436 1059 3513 ΒΟΗΘΟΝ,
1093 3431 1146 3502 ὅτι
1169 3434 1265 3503 καλό

199 3540 301 3618 τόπος
324 3545 379 3628 τῆς
402 3539 548 3627 ἀπορίας
570 3540 897 3625 συνεπιλαμβάνεται
919 3542 964 3628 τῷ
987 3541 1078 3627 ξένῳ.
1115 3543 1263 3607 Μουσῶν
1276 3569 1299 3608 α

200 3646 262 3728 γάρ
294 3642 332 3731 ῆν
366 3644 454 3728 ἲερὸν
480 3645 627 3711 ἐνταῦθα
651 3646 729 3730 περὶ
752 3645 811 3730 τῆν
832 3642 1004 3730 ἀναπνοὴν
1024 3646 1083 3710 τοῦ
1105 3642 1263 3730 νάματος,

287 3905 302 3955 2
320 3901 417 3975 ὑδρίαν
428 3903 534 3955 Reiske:
551 3899 646 3985 ὑδρίον
659 3899 668 3969 ΙΙ
680 3900 811 3971 ἔπεμψαν
822 3903 902 3954 Cobet
941 3903 956 3952 3
974 3905 1149 3970 Μυριναίους
1157 3902 1262 3955 Roisko:

201 3975 317 4054 μυρίνας
373 3973 407 4023 24
423 3967 464 4040 μῆ
481 3970 655 4038 πελαζουσης]
674 3972 758 4023 malim
775 3972 868 4040 μηκέτι
886 3972 944 4023 πελ.
1011 3971 1044 4022 28
1063 3971 1111 4023 τοῦ
1129 3972 1187 4023 εδδ.
1205 3970 1261 4022 En·

202 4057 288 4108 ponus
300 4039 309 4109 ΙΙ
322 4049 381 4093 τοτε
393 4039 597 4105 ἀποβλέποντες
614 4040 661 4092 lac.
679 4042 708 4090 12
722 4040 774 4092 litt.
788 4041 815 4091 in
827 4040 856 4106 E,
874 4048 931 4106 post
949 4036 1154 4105 ἀποβλέποντες
1171 4040 1221 4092 lue.
1233 4041 1260 4092 11

202 4109 255 4162 litt.
273 4111 298 4160 in
312 4112 341 4161 B:
360 4109 472 4162 fortasse
489 4109 536 4175 τῆς
548 4107 720 4168 Κασσοτίδος
736 4110 908 4177 supplendum.
