2842 4724
1159 86 1246 247 κ

183 312 226 378 98
597 311 645 363 οε
665 306 841 364 miinoris
1180 328 1246 380 pm

182 485 359 571 ἀγάλματα
390 486 617 573 προσηλοῦται
652 487 706 550 καὶ
740 470 934 572 συντήκεται
967 487 1119 571 βάσεσιν,
1148 485 1247 562 οὕτως

181 590 466 676 ἐγκεκλεισμένους
494 593 541 665 είς
563 591 600 655 τδ
629 591 818 674 σωματικόν
849 590 905 654 καί
928 607 1247 675 συγκαταγεγομφω-

180 697 309 779 μένους,
333 694 571 770 κοινωνοῦντας
593 689 683 780 αάτῷ
705 696 800 779 μέχρι
824 695 960 780 φθοράς
985 695 1042 759 καὶ
1065 691 1247 770 διαλύσεως

182 796 315 882 ἀπάσης
337 798 393 862 καὶ
415 797 618 882 μεταβολῆς)

266 904 316 966 30.
351 898 512 976 ιἘκεῖνος
528 900 561 965 δ’
584 902 680 985 οίμαι
704 897 934 986 σεμνότεροςό
956 895 1053 981 λόγος
1073 899 1129 964 καὶ
1146 924 1268 984 μεγα-ε

139 1006 451 1091 ολοπρεπέστερος,
487 1001 694 1078 ἀδεσπότους
727 1004 783 1067 καὶ
813 1000 1026 1090 αὐτοκρατεῖς
1047 1001 1125 1079 τούς
1146 1004 1247 1078 θεούς

180 1108 284 1185 ὄντας,
307 1105 418 1190 ὥσπερ
435 1106 467 1172 οἳ
487 1107 692 1192 Τυνδαρίδαι
707 1117 778 1181 τοίς
793 1105 1043 1191 χειμαζομένοις
1058 1109 1247 1192 βοηθοῦσιν

180 1245 393 1302 (εειοιιμιειε)
423 1227 661 1314 *ἐπερχόμενόν
682 1252 717 1293 τε
739 1226 965 1312 μαλάσσοντες
987 1226 1110 1311 βιατάν

422 1329 549 1398 πόντον
572 1328 688 1406 ὠκείας
709 1333 740 1395 τ’
764 1328 894 1416 ἀνέμων
916 1330 1033 1418 ριπάς’

180 1451 238 1520 οὐκ
261 1453 457 1539 ἐμπλέοντες
480 1449 575 1518 αὐτοὶ
597 1452 654 1516 καί
684 1448 989 1532 συγκινδυνεύοντες
1013 1448 1083 1515 ἀλλ’
1113 1448 1276 1519 ἀνωθενιι

180 1555 440 1644 ἐπιφαινόμενοι
463 1557 519 1620 καὶ
543 1553 715 1642 σῴζοντες·
745 1554 847 1631 οὕτως
870 1554 1004 1621 ἐπιέναι
1026 1557 1092 1621 τῶν
1114 1551 1245 1639 κόσμων

179 1661 295 1728 ἄλλοτε
312 1658 427 1737 ἀλλον,
450 1656 554 1750 ἡδονῇ
575 1684 609 1724 τε
630 1661 688 1745 τῆς
703 1662 788 1736 θέας
811 1657 992 1743 ἀγομένους
1007 1659 1064 1723 καὶ
1086 1663 1127 1750 τῇ
1149 1657 1244 1744 φύσει

180 1759 494 1839 συναπευθύνοντας
518 1767 665 1829 ἕκαστον.
704 1756 721 1829 ὃ
744 1763 806 1849 μὲν
827 1761 889 1849 γάρ
909 1756 1085 1848 Ὁμηρικός
1102 1763 1186 1838 Ζεύς
1208 1755 1244 1828 ού

179 1868 268 1935 πάνυ
300 1866 415 1954 πρόσω
448 1870 613 1953 μετέθηκε
645 1867 704 1951 την
736 1866 821 1952 ὄψιν
855 1863 923 1931 ἀπό
959 1869 1081 1951 Τροίας
1115 1865 1175 1930 ἐπὶ
1207 1865 1246 1930 τά

180 1971 310 2058 Θρᾴκια
333 1972 389 2036 καὶ
411 1970 487 2046 τούς
510 1970 588 2056 περὶ
603 1969 796 2056 τὸνἼστρον
811 1968 968 2056 νομάδας,
991 1967 1059 2035 ὁδ’
1084 1967 1244 2056 ἀληθινός
1255 1998 1275 2036 ιι

179 2076 245 2158 ἔχει
268 2075 370 2150 καλάς
392 2075 448 2139 καὶ
472 2071 666 2160 πρεπούσας
681 2073 717 2139 ἐν
739 2071 872 2139 πλείοσι
888 2074 1024 2158 κόσμοις
1047 2071 1241 2158 μεταβολάς,

134 2197 158 2246 D
179 2176 251 2260 οάχὶ
285 2178 379 2243 κενδν
411 2175 553 2260 ἀπειρον
586 2175 647 2252 ἔξω
680 2175 814 2261 βλέπων
847 2173 923 2242 οὐδ’
956 2175 1081 2242 ἐαυτδν·
1104 2174 1186 2243 ἀλλο
1208 2178 1243 2242 δὲ

179 2281 278 2347 οὐδὲν
301 2277 357 2361 (ἀς
381 2278 541 2368 ᾠήθησαν
564 2279 661 2360 ἐνιοι)
684 2282 779 2356 νοῶν,
813 2277 883 2345 ἀλλ’
906 2279 984 2366 ἔργα
1013 2303 1050 2344 τε
1078 2282 1170 2347 θεῶν
1191 2277 1242 2345 καὶ

178 2380 370 2468 ἀνθρώπων
386 2383 496 2449 πολλὰ
518 2381 664 2471 κινήσεις
679 2409 714 2449 τε
729 2384 784 2448 καὶ
801 2384 906 2470 φοράς
922 2380 1070 2469 ἀστέρων
1085 2382 1241 2471 ἐμπεριά-

178 2488 255 2564 δους
288 2486 550 2573 καταθεώμενος.
606 2485 644 2553 ού
677 2489 739 2572 γάρ
777 2486 1008 2569 ἀπεχθάνεται
1041 2486 1273 2573 μεταβολαῖςιι

177 2589 262 2656 ἀλλά
286 2592 342 2656 καὶ
364 2588 454 2657 πάνυ
476 2595 584 2676 χαίρει
612 2591 648 2656 τό
673 2596 787 2669 θεῖον,
816 2592 847 2655 εί
868 2590 923 2656 δεί
944 2593 1009 2657 τῶν
1031 2595 1241 2678 (μαινομένων

176 2698 417 2780 τεκμαίρεσθαι
433 2707 508 2770 ταῖς
523 2694 597 2759 κατ’
618 2691 759 2781 οὐρανὸν
773 2693 971 2781 ἐξαμείψεσι
987 2694 1043 2759 καὶ
1059 2692 1242 2780 περιόδοις.

176 2796 195 2884 ἡ
218 2798 279 2882 μὲν
303 2793 361 2864 οὖν
383 2795 524 2883 ἀπειρία
545 2796 766 2864 παντάπασιν
788 2795 951 2882 ἀγνώμων
973 2797 1030 2862 καί
1046 2797 1168 2880 ἄλογος
1190 2799 1242 2865 καὶ

176 2903 312 2992 μηδαμῇ
335 2906 535 2987 προσιεμένη
559 2901 656 2978 θεόν,
681 2898 766 2965 ἀλλά
787 2904 936 2987 χρωμένη
959 2902 1043 2987 πρὸς
1066 2899 1179 2969 πάντα
1200 2903 1243 2989 τῷ

176 3006 259 3070 κατά
279 3005 380 3090 τύχην
402 3006 458 3069 καὶ
482 3002 690 3090 αὐτομάτως·
724 3002 743 3089 ἦ
771 3005 804 3069 δ’
839 3005 873 3070 ἐν
907 3002 1080 3093 άρισμένῳ
1115 3007 1241 3092 πλήθει
1253 3037 1275 3077 ιι

177 3109 232 3173 καὶ
256 3106 396 3194 ἀριθμῷ
422 3105 556 3194 κόσμων
589 3106 763 3193 ἐπιμέλεια
797 3109 852 3172 καὶ
886 3106 1031 3195 πρόνοια
1060 3111 1118 3196 τῆς
1141 3111 1189 3185 εἷς
1210 3114 1242 3176 ἓν

177 3213 351 3288 δεδυκυίας
374 3215 469 3297 σῶμα
493 3213 548 3275 καὶ
571 3215 841 3297 προσηρτημένης
865 3209 913 3278 ἑνὶ
937 3211 1112 3277 καὶτοῦτο
1143 3237 1241 3295 μετα-

135 3328 158 3377 E
179 3313 441 3400 σχηματιζούσης
463 3315 519 3379 καὶ
543 3312 815 3399 ἀναπλαττούσης
832 3311 1008 3400 ἀπειράκις
1023 3315 1137 3400 ἔμοιγε
1152 3316 1243 3381 δοκεῖ

176 3418 280 3504 μηδὲν
302 3417 388 3499 ἔχειν
410 3416 628 3504 ἀσεμνότερον
650 3418 728 3503 μήτ’
751 3417 1020 3503 ἐπιπονωτερον.’

263 3666 275 3716 1
294 3663 494 3733 προσηλοῦνται
511 3663 583 3714 Βιιίι.
599 3662 685 3714 Αωίιι.
738 3663 752 3712 2
772 3663 810 3719 είς
827 3658 857 3712 τὰ
877 3674 945 3730 σωμ.
964 3663 1045 3713 οω.Β
1098 3658 1242 3730 8ἐπερχό-

174 3727 261 3800 μενόν
278 3734 350 3783 codd.
370 3748 391 3798 p.
414 3733 509 3784 110302
538 3734 597 3785 -υοί
614 3732 695 3782 nostri
726 3729 735 3797 11
765 3745 794 3781 ιε
815 3730 861 3781 καὶ
879 3732 964 3780 Αωίιι.
995 3729 1004 3797 ss
1033 3720 1132 3796 βιατάν
1151 3731 1240 3794 Bergk:

174 3803 220 3866 βία
242 3797 293 3851 τόν
361 3801 377 3850 9
401 3801 431 3864 τ’]
451 3801 540 3851 Aldina
560 3817 609 3851 non
629 3800 702 3850 elidit
733 3797 742 3866 ΙΙ
772 3789 865 3872 ῥιπάς]
892 3794 1009 3872 ῥιροπάς
1028 3798 1115 3850 Ambr.
1133 3801 1178 3861 (ex
1196 3801 1241 3850 hoc

175 3868 239 3920 fecit
265 3867 291 3920 οί
317 3865 406 3937 ῥοπὰς
424 3868 579 3932 ColiNov.)
656 3871 683 3920 11
713 3866 819 3918 ἐπιέναι
835 3866 914 3917 Turn.
931 3868 1017 3920 Vulva
1044 3865 1152 3918 ἐπεῖναι
1178 3882 1240 3918 unus

176 3937 248 3988 Barb.
278 3933 392 3989 ὑπεῖναι
409 3939 490 3989 ueteri
562 3937 592 3989 19
612 3932 756 4006 φθοράςΒ
781 3935 789 4002 [ί
814 3932 937 4006 ἀστέρων
956 3937 1027 3986 Βεεί).
1057 3929 1167 4007 ἄστρων
1184 3937 1239 3987 rell.

175 4003 187 4072 ΙΙ
209 4001 391 4076 ἔμπεριόδους
409 4007 513 4072 scripsi:
532 3996 707 4073 ἐμπεριόδοις
726 4004 830 4054 Αωίιι.ί
848 4006 894 4068 (ita
913 4004 978 4055 (loll.
991 4004 1077 4062 Novi.
1104 4003 1135 4057 ἐν
1150 3995 1240 4076 περιό·

174 4073 232 4130 δοις
259 4075 342 4193 Μηδὲ
377 4075 430 4190 B25
457 4068 616 4142 αὐτομάτως
644 4075 771 4133 θαμινά,
802 4074 889 4124 nescio
915 4073 994 4124 unde:
1026 4089 1077 4140 -τιμ
1103 4074 1165 4124 libri
1193 4073 1239 4124 mei

175 4143 207 4191 26
225 4144 263 4199 είς
280 4139 312 4192 οὐ
345 4159 359 4194 ν
