2842 4724
160 303 231 355 μσς
567 283 818 337 ORACULORUM
1183 279 1225 346 89

159 487 197 543 γε
220 458 257 528 εύ
284 459 450 546 βιώσωσι·
484 460 538 524 καὶ
569 459 634 524 τάν
664 457 813 524 ἐνταῦθα
843 456 978 522 τελετῶν
1005 457 1062 532 τάς
1090 455 1227 540 ἀρίστας

159 565 287 651 ἐκείνης
303 565 432 650 όνειρον
447 567 534 630 εἶναι
557 566 613 648 τῆς
628 556 811 637 ἐποπτείας
826 562 883 627 καὶ
903 560 1049 646 τελετῆς·
1072 562 1129 624 καὶ
1151 562 1227 636 τούς

159 668 279 751 λόγους
301 667 512 755 ἀναμνήσεως
535 673 629 733 ἕνεκα
651 669 716 734 τῶν
738 669 807 734 έκεῖ
826 670 1096 755 φιλοσοφεῖσθαι
1119 666 1227 732 καλων

159 773 179 858 ή
214 773 322 857 μάτην
354 777 590 857 περαίνεσθαι.
633 772 735 837 ταύτ”
769 772 833 859 ἔφη
862 774 949 857 περὶ
970 771 1095 839 τούτων
1116 776 1226 858 μυθο-

134 877 336 957 ολογούντος
356 876 476 962 ήκουον
498 875 640 959 ἀτεχνῶς
655 874 813 960 καθάπερ
836 877 872 943 έν
885 874 996 968 τελετῇ
1018 877 1074 941 καὶ
1096 876 1225 962 μυήσει,

159 981 327 1066 μηδεμίαν
350 978 526 1055 ἀπόδειξιν
546 983 606 1046 τού
628 979 728 1061 λόγου
750 981 835 1066 μηδδ
857 980 974 1046 πίστιν
996 981 1226 1068 ἐπιφέροντος.

247 1086 297 1148 23.
331 1084 445 1150 ΚΑΓΩ
466 1085 524 1150 τόν
541 1083 732 1170 Δημήτριον
752 1082 1024 1169 προσαγορεύσας
1046 1088 1127 1162 ιπῶς
1150 1086 1226 1166 ἔχει’

160 1186 246 1273 ἔφην
268 1185 319 1252 ’τά
341 1190 407 1255 τόν
420 1185 614 1275 μνηστήρων
629 1188 703 1274 ἔπη,
726 1189 784 1255 τόν
805 1189 964 1255 Ὀδυσσέα
978 1188 1227 1274 θαυμασάντων

158 1291 197 1356 τό
219 1291 317 1366 τόξον
338 1292 645 1378 μεταχειριζόμενον
650 1294 671 1372 ,·’
693 1290 969 1379 ὑπομνησθέντος
983 1293 1021 1358 δὲ
1036 1296 1094 1359 τού
1110 1302 1227 1380 Δημη-

123 1399 268 1477 ιοτρίου,
307 1397 422 1461 (ταῦτ’
457 1396 540 1481 ἔφην
581 1392 764 1481 ιἐπέρχεται
798 1393 899 1481 κάμοὶ
934 1397 1012 1482 περὶ
1041 1399 1100 1464 τού
1134 1397 1227 1472 ξένου

161 1499 280 1564 εἰπεῖν.
305 1517 338 1574 (φ
352 1517 402 1571 τοι)

349 1581 378 1669 δή
399 1608 450 1662 τις
472 1586 602 1672 θηητήρ
625 1585 682 1651 καὶ
697 1584 881 1660 ἐπίκλοπος
904 1585 1032 1652 ἔπλετο’
1243 1604 1269 1655 D

159 1701 338 1789 δογμάτων
358 1730 395 1771 τε
417 1704 473 1772 καὶ
488 1707 596 1788 λόγων
611 1707 851 1785 παντοδαπῶν,
875 1708 931 1771 καί
954 1705 1169 1792 πολυπλανής
1191 1706 1227 1772 έν

132 1800 135 1804 “
159 1806 333 1894 γράμμασι
356 1810 412 1874 καὶ
441 1809 479 1876 οὐ
500 1809 668 1895 βάρβαρος
690 1807 758 1875 ἀλλ’
776 1806 893 1894 Ἕλλην
913 1813 1008 1891 γένος
1030 1809 1079 1897 ήν,
1102 1811 1227 1898 πολλῆς

121 1930 147 1968 1⁶
157 1909 347 1998 Ἑλληνίδος
379 1914 506 2000 μούσης
538 1912 721 1990 ἀνάπλεως.
766 1911 890 1995 ἐλέγχει
923 1913 956 1977 δ’
985 1911 1086 1980 αὐτόν
1115 1913 1133 1980 ό
1161 1917 1227 1982 τάν

160 2014 295 2100 κόσμων
327 2016 476 2103 ἀριθμός
510 2014 567 2083 οὐκ
601 2016 646 2082 ὢν
681 2016 872 2097 Αἰγύπτιος
905 2014 982 2083 οὐδὲ
1008 2015 1109 2094 Ἰνδός
1142 2015 1227 2082 ἀλλὰ

161 2121 312 2203 Δωριεὺς
323 2116 393 2186 ἀπό
405 2122 567 2199 Σικελίας,
579 2121 699 2207 ἀνδρός
709 2120 872 2206 Ἱμεραίου
883 2119 1029 2206 τοῦνομα
1041 2126 1226 2206 Πέτρωνος

159 2220 263 2288 αὐτού
284 2223 346 2307 μὲν
368 2220 495 2291 ἐκείνου
510 2226 684 2310 βιβλίδιον
706 2222 765 2291 οὐκ
781 2222 925 2305 ἀνέγνων
948 2223 1026 2291 ούδὲ
1048 2226 1128 2291 οἶδα
1150 2227 1227 2291 δια-

159 2323 365 2413 σῳζόμενον·
384 2324 503 2404 Ἴππυς
526 2329 562 2393 δὲ
584 2328 604 2395 ό
623 2328 778 2415 Ῥηγῖνος,
809 2323 849 2394 ού
871 2333 1033 2416 μέμνηται
1058 2333 1187 2405 Φανίας
1209 2329 1227 2396 ό

121 2453 146 2490 ιο
155 2427 311 2517 Ἐρέσιος,
335 2432 462 2519 ίστορεῖ
483 2427 585 2508 δόξαν
600 2437 687 2498 εἶναι
710 2427 832 2518 ταύτην
847 2437 1019 2519 Πέτρωνος
1041 2435 1097 2498 καὶ
1120 2433 1227 2514 λόγον,

159 2533 203 2613 τός
227 2535 344 2602 ἑκατόν
366 2537 422 2602 καὶ
445 2535 647 2622 ἀγδοήκοντα
662 2539 719 2602 καὶ
741 2548 829 2624 τρεῖς
843 2533 988 2622 κόσμους
1003 2535 1100 2614 ὄντας
1122 2535 1226 2604 ἀπτο-

158 2643 278 2725 μένυυς
301 2637 341 2725 δή
366 2637 514 2726 ἀλλήλων
536 2641 620 2705 κατὰ
640 2651 821 2722 στοιχεῖον·
844 2636 910 2705 ότι
926 2641 967 2726 δή
983 2642 1069 2707 τοῦτ’
1084 2641 1164 2718 ἐστί,
1187 2641 1223 2706 τό
1244 2664 1267 2714 Ε

159 2744 245 2809 κατά
268 2757 436 2826 στοιχεῖον
458 2741 640 2822 ἅπτεσθαι,
663 2745 708 2830 μή
732 2744 1001 2831 προσδιασαφῶν
1022 2745 1102 2828 μηδ’
1125 2743 1227 2829 ἀλλην

158 2848 237 2914 τινὰ
248 2849 463 2935 πιθανότητα
475 2842 700 2934 προσάπτων]
722 2845 902 2930 ἀπολαβων
914 2848 942 2913 δ’
955 2845 973 2912 ό
984 2847 1226 2913 ΔΗΜΗΤΡΙΟΣ

122 2956 220 3028 εειτίς
243 2952 277 3017 δ’
300 2949 349 3018 ἀν’
373 2955 466 3017 εἶπεν
488 2952 534 3018 (έν
561 2950 726 3028 τοιούτοις
757 2953 1014 3037 προστάγμασιν
1043 2955 1093 3036 εἴη
1117 2956 1227 3016 πιθα-

159 3054 265 3141 νότης,
289 3051 377 3121 ὅπου
400 3057 456 3121 καὶ
479 3055 621 3122 Πλάτων
643 3053 740 3121 οὐδὲν
755 3058 861 3123 είπιδν
883 3054 1019 3135 εὔλογον
1042 3053 1116 3121 οὐδ’
1140 3054 1228 3132 εἰκός

160 3156 246 3224 οὕτω
268 3160 429 3241 κατέβαλε
450 3159 508 3226 τόν
529 3158 654 3240 λόγον,·’
677 3159 734 3224 καὶ
757 3157 1025 3226 όΗΡΑΚΔΕΩΝ
1047 3157 1143 3224 ιἀλλά
1161 3158 1229 3246 μήν

246 3425 262 3476 3
280 3422 459 3494 ἀναμνήσεως
471 3427 568 3496 Wytt.:
587 3420 743 3496 ἀνέμνησας
755 3427 842 3478 Ambr.
872 3423 1025 3494 ἀνέμνησεν
1037 3427 1096 3479 rell.
1141 3429 1157 3479 4
1177 3424 1228 3496 ἔφη

161 3494 298 3547 Μοτῐτίεοε
317 3495 386 3564 ἔφην
438 3493 525 3567 8έφη
543 3497 650 3548 DBarb.
669 3497 869 3560 (comeam.)
888 3494 1076 3549 matht.
1129 3497 1228 3549 10101·

161 3579 208 3614 om.
226 3563 266 3614 E?
284 3564 341 3615 Ald.
413 3566 443 3616 12
469 3559 486 3630 ἦ
512 3583 553 3622 τις
570 3565 656 3616 Ambr.
676 3580 740 3614 unus
762 3559 780 3629 ἥ
805 3581 845 3622 τις
862 3566 900 3614 D?
917 3565 991 3616 Barb.
1026 3566 1053 3617 εἴ
1072 3582 1113 3621 τις
1135 3564 1193 3616 rell.
1212 3560 1225 3632 ΙΙ

161 3628 284 3704 θηρητὴρ
302 3633 365 3684 libri
420 3634 450 3684 13
468 3650 498 3685 τε
511 3634 583 3685 Barb.
601 3633 626 3699 (ο
644 3649 682 3698 pr.
696 3650 727 3686 m.
740 3634 948 3700 superscriptum)
961 3634 1047 3685 Ambr.
1059 3633 1114 3686 Pet.
1128 3634 1228 3685 Aldina.

161 3698 189 3752 δὲ
210 3702 283 3752 surb.
301 3702 338 3764 (in
356 3705 443 3766 textu)
468 3710 495 3754 et
517 3703 574 3754 rell.
646 3704 678 3753 17
701 3703 838 3769 πτέρωνος
857 3703 882 3752 in
906 3718 985 3766 marg.
1004 3703 1111 3769 scripsit
1133 3718 1228 3754 seam.

161 3770 235 3822 narb.
307 3771 338 3821 19
366 3768 381 3821 δ
406 3771 452 3821 καὶ
474 3767 598 3843 ῥηγεινδς
616 3772 703 3822 Ambr.
773 3771 805 3821 20
827 3772 946 3842 αἰρέσιος
962 3769 1136 3837 (αίρ.ΑτοΙιι·.)
1155 3771 1229 3835 libri3

162 3838 378 3906 comelander
448 3839 480 3890 22
500 3837 534 3903 δὴ
553 3834 608 3891 ἀλλ.
627 3856 692 3891 unus
711 3839 796 3891 Barba
815 3839 841 3891 δ’
860 3834 916 3892 ἀλλ.
935 3840 992 3892 rell.
1023 3837 1032 3906 Η
1064 3834 1106 3891 ὅτι
1123 3837 1165 3903 δή]
1185 3834 1229 3891 ότι

162 3905 190 3960 δὲ
208 3908 274 3959 Βετο
301 3909 380 3970 (τοτε.
399 3924 450 3960 τεο.
468 3912 513 3972 m.)
530 3909 551 3957 D
575 3907 585 3974 ΙΙ
610 3905 641 3959 τὸ
659 3908 736 3960 habet
753 3924 818 3960 unus
835 3908 908 3960 Barb.
926 3926 941 3959 ε
960 3924 1011 3960 εει.
1029 3924 1061 3960 m.
1114 3909 1147 3960 24
1165 3907 1193 3959 δ’
1213 3904 1228 3959 ό

162 3975 347 4029 Βεταετδιὶίεε
379 3974 410 4031 δὲ
488 3977 519 4027 25
550 3972 760 4047 προστάγμασιν
789 3993 853 4028 unus
880 3978 953 4028 Bnrb.
980 3970 1141 4045 πράγμασιν
1170 3977 1229 4029 roll.

162 4045 194 4096 27
213 4039 298 4105 οὕτως
316 4060 411 4110 omnes,
429 4055 459 4098 ut
476 4047 589 4111 videtur,
606 4054 709 4113 praeter
728 4048 746 4096 B
767 4044 776 4114 u
797 4046 924 4112 κατέβαλε
942 4047 991 4098 soli
1008 4047 1082 4098 Barb.
1102 4047 1127 4110 (ε
1145 4062 1182 4113 pr.
1196 4062 1227 4098 m.

162 4114 370 4182 superscriptum)
388 4114 514 4166 ΕΑΙδίοε
532 4115 658 4179 κατέλαβε
675 4115 733 4167 rell.
