2842 4724
180 291 256 344 ,ιω
628 276 809 330 οεεοσεῐε
918 356 924 367 1
1203 278 1245 344 3η

266 448 306 517 ού
328 451 432 537 φατὸς
453 448 652 535 άνθροίποις
673 453 785 537 νήσος·
808 451 865 516 καὶ
886 455 1030 538 χείρονες
1053 450 1169 538 ἄνδρες

264 556 356 641 χερσὶ
377 554 577 641 βιησάμενοι
599 556 659 622 τόν
681 550 858 641 κρείσσονα
881 554 1075 636 νικήσουσι.’

175 668 215 734 τό
238 669 302 752 γὰρ
324 667 360 734 έν
381 665 482 755 δλίγρι
505 667 609 755 χρόνῳ
630 666 811 754 Ῥωμαίους
832 693 867 733 τε
892 669 1128 756 Καρχηδονίων
1150 693 1247 755 περι-

175 774 340 853 γενέσθαι
385 770 721 858 καταπολεμήσαντας
759 769 931 856 Ἀννίβαν,
976 772 1032 838 καὶ
1070 773 1247 839 Φίλιππον
1265 792 1290 842 D

146 874 351 951 τΛίτωλοῖς
385 874 599 959 συμβαλόντα
628 876 685 939 καὶ
704 872 880 960 Ῥωμαίοις
907 873 995 963 μάχη
1024 878 1245 962 κρατηθῆναι,

174 979 235 1042 καὶ
257 978 350 1056 τέλος
375 977 411 1043 ἐκ
443 980 554 1061 βυθοῦ
576 979 678 1064 νήσον
699 975 862 1045 ἀναδῦναι
885 981 969 1064 μετὰ
991 980 1095 1065 πυρός
1117 980 1246 1047 πολλοῦ

174 1083 234 1147 καὶ
256 1079 420 1158 κλύδωνος
443 1080 668 1157 ἐπιζέσαντος,
700 1079 758 1147 ούιι
781 1080 823 1153 ἂν
846 1085 939 1147 εἴποι
961 1106 1012 1158 τις
1034 1081 1078 1158 τός
1099 1080 1246 1169 ἀπήντη-

176 1202 235 1250 σεν
250 1180 319 1270 ἅμα
335 1181 447 1250 πάντα
461 1186 518 1250 καὶ
534 1187 696 1251 συνέπεσε
710 1185 794 1251 κατά
808 1183 908 1271 τύχην
924 1185 1023 1272 <καλ>
1040 1183 1245 1271 αύτομάτως,

175 1286 248 1355 ἀλλ’
270 1287 291 1374 ή
313 1288 405 1365 τάξις
428 1289 586 1374 ἐμφαίνει
613 1289 673 1373 τήν
695 1289 898 1374 πρόγνωσιν·
933 1291 988 1354 καλ
1011 1289 1050 1354 τὸ
1070 1288 1246 1376 Ῥωμαίοις

132 1423 161 1462 το
175 1389 245 1478 πρό
280 1390 361 1456 έτῶν
392 1389 479 1477 όμοῦ
509 1417 542 1456 τι
576 1395 803 1478 πεντηκοσίων
836 1403 1015 1478 προειπεῖν
1036 1392 1093 1459 τόν
1114 1391 1245 1478 χρόνον,

175 1495 213 1561 ἐν
235 1488 261 1581 ᾦ
284 1493 370 1580 πρός
391 1493 526 1562 ἅπαντα
554 1495 597 1561 τά
624 1495 707 1582 ἔθνη
731 1494 952 1582 πολεμήσοιεν
973 1491 1057 1582 άμα·
1090 1499 1185 1565 τοῦτο
1208 1497 1246 1564 δὲ

175 1595 218 1684 ήν
238 1597 276 1663 τὸ
312 1598 500 1685 πολεμῆσαι
534 1610 605 1675 τοῖς
639 1600 782 1676 οἰκέταις
813 1597 1014 1667 ἀποστᾶσιν.
1058 1599 1094 1667 ἐν
1116 1599 1246 1677 τούτοις

175 1702 239 1785 γάρ
262 1693 361 1768 οῦδὲν
382 1699 587 1787 ἀτέκμαρτον
609 1700 688 1768 οῦδὲ
709 1701 835 1789 τυφλὸν
850 1700 972 1789 ἀφίησι
988 1706 1026 1791 τή
1041 1701 1120 1790 τύχη
1139 1703 1246 1789 ζητεῖν

175 1804 213 1873 έν
235 1801 376 1892 ἀπειρίᾳ
398 1803 416 1871 ό
438 1804 549 1887 λόγος·
572 1799 659 1871 άλλά
682 1804 792 1871 πολλά
813 1808 870 1890 τής
892 1808 1011 1890 πείρας
1033 1804 1168 1891 ἐνέχυρα
1190 1806 1284 1877 ‹Ji-E

134 1929 161 1969 ιε
175 1908 263 1974 δωσι
286 1908 342 1973 καὶ
375 1906 523 1974 δείκνυσι
549 1906 608 1993 τήν
634 1904 714 1974 ὁδόν
747 1901 767 1999 ή
789 1905 919 1992 βαδίζει
943 1905 981 1974 τό
1010 1912 1241 1995 πεπρωμένον.

175 2008 215 2078 ού
247 2011 310 2096 γὰρ
345 2013 441 2096 οίμαί
471 2033 548 2077 τινα
580 2011 681 2098 ἐρεῖν,
715 2006 768 2077 ὅτι
799 2013 841 2077 τὰ
872 2014 975 2097 μέτρα
996 2012 1100 2078 ταῦτα
1123 2012 1159 2079 ἐν
1192 2012 1242 2090 οίς

173 2112 370 2201 προερρήθη
393 2118 555 2180 συνέπεσε
577 2115 661 2180 κατὰ
686 2112 801 2200 τύχην·
835 2115 910 2181 ἐπεὶ
937 2119 970 2179 τί
991 2114 1111 2180 κωλύει
1134 2113 1243 2198 λέγειν

174 2224 301 2304 ἕτερον,
337 2216 380 2294 τός
393 2214 463 2285 οῦκ
490 2217 616 2304 ἔγραψε
637 2219 697 2294 τὰς
723 2222 848 2305 Κυρίας
870 2216 951 2302 ύμῖν
968 2215 1183 2304 Ἐπίκουρος,
1218 2217 1244 2286 ὦ

174 2320 303 2408 Βόηθε,
326 2320 437 2398 δόξας,
460 2318 533 2388 ἄλλ’
557 2319 625 2388 άπὸ
651 2320 748 2407 τύχης
763 2323 820 2388 καὶ
842 2320 1036 2406 αὐτομάτως
1057 2317 1143 2389 οῦτω
1159 2323 1244 2411 πρός

132 2452 159 2490 ευ
173 2425 302 2511 ἄλληλα
330 2427 396 2492 τῶν
420 2426 623 2512 γραμμάτων
652 2425 939 2513 συνεμπεσόντων,
972 2422 1182 2516 ἀπετελέσθη
1204 2429 1242 2495 τό

172 2529 335 2614 βιβλίονς’

261 2661 309 2723 12.
332 2653 418 2745 ’Λμα
440 2656 478 2724 δὲ
498 2657 624 2726 τούτων
645 2659 829 2744 λεγομένων
849 2659 1040 2752 προήειμεν.
1079 2661 1115 2728 έν
1136 2661 1175 2726 δὲ
1195 2663 1243 2749 τῷ

173 2765 373 2848 Κορινθίων
403 2765 484 2850 οἴκῳ
517 2763 577 2829 τόν
609 2757 747 2849 φοίνικα
780 2767 966 2849 θεωμένοις
998 2766 1057 2832 τὸν
1086 2765 1241 2847 χαλκοῦν,

172 2861 279 2950 ὅσπερ
314 2865 363 2931 ἔτι
396 2863 516 2942 λοιπός
549 2866 619 2932 ἐστι
652 2869 718 2933 τόν
750 2865 991 2954 ἀναθημάτων,
1027 2867 1060 2934 οἱ
1083 2868 1161 2954 περὶ
1183 2869 1243 2955 τήν

130 2995 157 3033 τε
172 2967 268 3055 ῥίζαν
289 2969 549 3055 ἐντετορευμένοι
572 2970 734 3056 βάτραχοι
756 2972 812 3035 καὶ
834 2967 931 3056 ύδρυι
954 2971 1073 3056 θαῦμα
1094 2974 1140 3058 τιή
1157 2978 1282 3041 Δια-εῚ

171 3075 315 3160 γενιανηό
336 3084 509 3158 παρεῖχον,
533 3070 648 3156 ἀμέλει
671 3073 710 3138 δέ
732 3074 789 3138 καὶ
811 3071 901 3159 ήμῖν.
940 3072 1014 3140 οῦτε
1035 3074 1098 3156 γάρ
1114 3072 1240 3158 φοίνιξ,

172 3173 216 3251 τίς
239 3180 333 3261 έτερα
354 3176 488 3263 δένδρα,
512 3176 670 3261 λιμναῖόν
689 3177 759 3242 ἐστι
775 3179 831 3242 καὶ
847 3177 1009 3264 φίλυδρον
1024 3175 1141 3262 φυτόν,
1165 3176 1241 3245 ούτε

176 3283 374 3364 Κορινθίοις
395 3305 428 3345 τι
449 3277 612 3365 βάτραχοι
633 3275 876 3367 προσήκουσιν,
912 3277 993 3346 ὥστε
1023 3279 1191 3366 σύμβολον
1219 3280 1240 3368 ή

170 3381 372 3469 παράσημον
394 3385 481 3450 εἶναι
502 3385 558 3470 τής
581 3381 723 3459 πόλεως·
747 3382 859 3470 ὥσπερ
881 3382 995 3470 άμέλει
1012 3381 1240 3452 Σελινούντιοί

129 3517 157 3556 ου
170 3510 254 3552 ποτε
282 3490 424 3571 χρυσοῦν
447 3488 578 3553 σέλινον
600 3485 783 3554 άναθεῖναι
807 3488 973 3567 λέγονται,
1003 3489 1059 3552 καὶ
1086 3488 1237 3553 Τενέδιοι

256 3717 273 3768 4
290 3709 389 3782 άνίβαν
405 3718 424 3767 Β
500 3719 516 3770 8
532 3718 579 3769 καλ
596 3718 707 3770 inseruit
719 3718 855 3783 Stegmann
916 3720 947 3772 10
965 3714 1036 3787 ύμοῦ
1055 3734 1097 3770 τοι
1115 3717 1136 3769 Ε

172 3820 201 3872 11
215 3803 428 3889 ποιεμῖσίῖωε
488 3821 518 3871 13
537 3816 745 3874 τοιουτου,
765 3817 853 3887 οεεηι
866 3823 928 3874 libri
947 3816 1097 3875 οὐιωιιε.
1112 3819 1121 3890 η
1134 3814 1237 3888 υφιηω

170 3887 202 3960 τή
220 3881 287 3960 τύχη
307 3889 493 3957 Wytteubnch:
524 3885 604 3959 ἀμφί
628 3907 656 3943 τε
674 3883 759 3958 τύχην
833 3892 864 3944 16
882 3887 914 3942 τὰ
941 3892 1027 3962 μέτρα
1050 3891 1133 3942 ταῦτα
1151 3889 1181 3943 ἐν
1197 3882 1238 3948 οἷς

171 3957 281 4024 scripsi:
299 3954 368 4026 μετά
386 3957 487 4010 τούτων
505 3954 541 4017 ιύς
587 3952 1063 4045 1ίπροερήθηΑ1δ.ιπροερρέθη
1119 3960 1150 4011 18
1168 3954 1238 4044 ήμῖν

171 4025 311 4078 Leonicust
327 4029 380 4094 μῖν
397 4027 537 4095 praemissa
555 4028 645 4079 lacuna
661 3977 725 4081 1-3
744 4029 796 4080 litt.
816 4030 885 4081 codd.
935 4029 965 4080 19
984 4045 1053 4081 ουτω
1066 4027 1135 4079 enda
1154 4043 1238 4086 ουτως

173 4093 203 4144 27
223 4088 357 4166 φίλυδρόν
374 4093 433 4148 ἐστι
450 4097 477 4160 Β,
496 4095 560 4148 unde
578 4096 671 4149 Reiske
690 4099 802 4163 conjocit
818 4087 953 4168 φίλυδρόν
968 4113 996 4149 τι
