2842 4724
162 277 234 328 μου
569 255 823 309 ORAOULORUM
1169 259 1231 323 103

163 437 259 518 σῶμα
282 432 342 498 διὰ
362 432 421 517 τὴν
442 432 508 497 τῶν
529 432 703 497 ἐπιπέδων
726 426 916 517 ἀσφάλειαν
937 432 993 496 καὶ
1016 431 1233 518 βεβαιότητα·

162 541 219 623 τῆς
242 537 280 602 δὲ
303 534 491 620 πυραμίδος
513 537 581 610 πῶς
604 534 645 602 ἀν
667 559 716 610 τις
738 534 775 600 τό
798 535 973 620 πυροειδὲς
995 535 1050 599 καὶ
1067 537 1234 622 κινητικόν

163 642 200 708 ἕν
222 642 263 731 τῇ
285 637 462 724 λεπτότητι
485 640 550 705 τῶν
572 639 724 725 πλευρῶν
745 639 800 703 καί
823 641 864 729 τῇ
878 640 943 704 τῶν
958 640 1087 719 γωνιῶν
1102 636 1233 725 ὀξύτητι

163 745 411 830 κατανοήσειεν·
445 740 464 828 ἤ
488 743 525 808 δὲ
547 743 605 809 τοῦ
627 741 855 826 δωδεκαέδρου
877 740 987 828 φύσις,
1010 743 1232 830 περιληπτικὴ

134 849 230 916 ετῶυ
263 847 373 915 ἄλλων
397 845 581 931 Ισχημάτων
614 841 698 912 οὖσα
730 847 789 910 τοῦ
823 844 915 922 ὄντος
937 845 1036 911 εἰκῶν
1057 847 1142 931 πρός
1163 849 1233 913 πάν

163 951 246 1037 <ἀν>
278 952 315 1017 τό
350 948 540 1036 σωματικὸν
572 953 743 1031 γεγονέναι
778 946 901 1024 δόξειε·
934 949 1000 1014 τῶν
1032 949 1071 1014 δὲ
1103 947 1233 1016 λοιπῶν
1338 1003 1340 1009 .

162 1056 256 1121 δυεῖν
278 1055 315 1120 τὸ
337 1053 399 1138 μὲν
421 1051 633 1137 εἰκοσάεδρον
654 1054 712 1137 τῆς
733 1053 790 1118 τοῶ
813 1051 925 1137 ἑτέρου
946 1053 983 1118 τὸ
1005 1053 1037 1117 δ’
1054 1051 1231 1139 ὀκτάεδρον

161 1157 309 1244 μάλιστα
330 1160 386 1243 τῆς
407 1152 528 1222 ταάτοῶ
549 1156 739 1242 μετείληχεν
755 1156 856 1231 ἰδέας.
890 1155 945 1221 διό
961 1158 1058 1222 τοῦτο
1073 1156 1134 1241 μὲν
1149 1154 1231 1243 ἀέρα

162 1261 313 1343 σχετικόν
336 1257 452 1337 οὐσίας
475 1259 584 1344 πάσης
606 1260 642 1326 έν
663 1262 726 1344 μιᾷ
748 1260 873 1347 μορφῇ,
904 1259 1050 1345 θάτερον
1079 1261 1116 1325 δὲ
1143 1257 1271 1345 ὕδωρΕ

119 1385 147 1424 ιο
161 1365 220 1430 έπί
243 1362 387 1430 πλεῖστα
408 1365 454 1449 τῶ
476 1361 702 1448 κεράννυσθαι
724 1367 800 1449 γένη
821 1363 1011 1449 ποιοτήτων
1030 1362 1232 1450 τρεπόμενον

160 1479 330 1553 παρείχεν.
375 1471 470 1552 εἴπερ
498 1465 557 1534 οὖν
583 1465 603 1552 ἡ
631 1463 732 1553 φάσις
754 1465 895 1533 ἀπαιτεῖ
916 1467 976 1553 την
999 1470 1174 1552 ἰσονομίαν
1196 1467 1232 1535 έν

162 1574 263 1649 πάσι,
286 1570 343 1635 καί
364 1568 509 1655 κόσμους
531 1569 618 1647 εἰκός
636 1570 708 1636 ἐστι
722 1569 807 1657 μήτε
822 1572 959 1648 πλείους
973 1574 1142 1651 γεγονέναι
1158 1569 1230 1656 μήτ’

160 1675 317 1751 ἐλάττους
345 1675 410 1741 τῶν
440 1674 734 1761 παραδειγμάτων,
769 1671 860 1750 ὅπως
888 1681 1026 1740 ἕκαστον
1047 1675 1082 1740 ἰν
1104 1673 1230 1762 ἑκάστῳ

160 1779 254 1854 τάξι-ν
275 1773 472 1864 ἡγεμονικὴν
495 1777 551 1863 ἔχη
574 1779 631 1843 καί
654 1777 808 1864 δύναμιν,
832 1775 944 1863 ῶσπερ
966 1777 1002 1844 ἒν
1019 1789 1094 1855 ταῖς
1109 1777 1230 1844 συστά-

119 1909 145 1949 ιε
161 1900 236 1947 σεσι
258 1883 324 1948 τῶν
345 1879 508 1963 σωμάτων
529 1880 681 1968 ἔσχηκεν]

248 1987 299 2049 35.
333 1982 393 2050 ιΟά
421 1983 487 2070 μὴν
515 1982 599 2051 ἀλλὰ
626 1986 724 2051 τοότο
752 1986 813 2070 μὲν
835 1984 917 2050 ἔστω
941 1988 1148 2072 παραμυθία
1169 1988 1231 2052 τοῦ

160 2087 404 2173 θαυμάζοντος,
439 2090 470 2154 εἰ
498 2089 557 2175 την
584 2090 619 2155 ἐν
640 2092 766 2170 γενέσει
790 2089 845 2153 καὶ
868 2089 1034 2181 μεταβολῇ
1056 2088 1159 2175 φύσιν
1182 2091 1230 2165 εἰς

159 2199 235 2279 γένη
263 2193 409 2260 τοσαῦτα
435 2193 641 2279 διαιροῦμεν.
686 2192 793 2258 έκείνο
817 2193 849 2258 δ’
872 2191 934 2278 ἤδη
958 2203 1115 2259 σκοπεῖτε
1136 2191 1230 2283 κοινῇ

159 2300 392 2382 προσέχοντες,
416 2291 469 2361 ότι
491 2298 556 2362 τῶν
577 2293 751 2362 ἀνωτάτων
774 2293 892 2383 ἀρχῶν,
914 2296 997 2378 λέγω
1019 2297 1056 2362 δὲ
1077 2298 1137 2362 τοῦ
1156 2295 1229 2373 ἑνός

119 2423 146 2462 το
161 2400 218 2465 καί
237 2401 293 2485 τῆς
312 2397 469 2486 ἀορίστου
485 2398 620 2478 δυάδος,
644 2397 663 2486 ἦ
679 2405 738 2484 μὲν
754 2397 922 2487 ἀμορφίας
937 2399 1047 2486 πάσης
1063 2411 1229 2484 στοιχεῖον
1248 2412 1270 2464 F

160 2498 248 2570 οὖσα
269 2504 326 2568 καί
348 2501 486 2579 ἀταξίας
509 2501 648 2591 ἀπειρία
670 2503 836 2591 κέκληται·
862 2502 880 2591 ἡ
902 2506 941 2571 δέ
961 2508 1020 2572 τοῦ
1043 2504 1114 2581 ἑνός
1130 2508 1231 2591 φύσις

159 2605 319 2692 ὁρίζουσα
341 2608 396 2671 καί
420 2605 720 2693 καταλαμβάνουσα
741 2609 797 2694 τῆς
820 2607 976 2694 ἀπειρίας
998 2609 1035 2675 τό
1057 2609 1151 2676 κενόν
1172 2609 1229 2674 καί

160 2710 283 2791 ἄλογον
309 2711 364 2776 καὶ
387 2707 543 2794 ἀόριστον
565 2711 736 2798 ἔμμορφον
758 2716 953 2799 παρέχεται,
987 2711 1125 2799 κοίτην
1147 2712 1230 2778 ἑπο-

159 2814 262 2900 μένην
291 2815 370 2900 περί
396 2814 438 2880 τά
464 2815 614 2900 αἰσθητὰ
636 2816 738 2891 δείξει
760 2815 999 2902 καταγόρευσιν
1021 2814 1230 2903 ἀμωσγέπως

120 2945 145 2982 τε
160 2914 328 3003 ὑπομένον
351 2918 407 2983 καί
430 2919 616 3004 δεχόμενον.
652 2913 751 2984 αὗται
775 2920 812 2986 δὲ
833 2923 968 3007 πρῶτον
983 2918 1020 2986 αῖ
1035 2917 1134 3005 ἀρχαὶ
1150 2922 1229 3006 περὶ
1246 2932 1299 2985 429

158 3022 217 3087 τόν
239 3018 389 3107 ἀριθμόν
411 3021 662 3106 ἐπιφαίνονται,
686 3023 813 3107 μάλλον
835 3025 868 3089 δ’
891 3023 976 3100 ὅλως
997 3022 1147 3109 ἀριθμός
1169 3022 1228 3089 οόκ

160 3124 229 3189 ἔστι
256 3124 293 3190 τό
318 3125 465 3210 πλῆθος,
496 3124 537 3191 ἀν
559 3125 603 3213 μη
627 3125 783 3213 καθάπερ
806 3129 896 3203 εἶδος
919 3125 995 3214 ὕλης
1017 3129 1054 3192 τό
1077 3132 1113 3192 ἓν
1134 3125 1228 3206 γενό-

159 3251 260 3313 μενον
289 3227 324 3292 ἐκ
352 3231 409 3314 τῆς
435 3226 591 3315 ἀπειρίας
619 3232 678 3294 τοῦ
706 3227 862 3316 ἀορίστου
885 3234 933 3316 πῆ
955 3231 1015 3315 μὲν
1037 3230 1157 3296 πλεῖον
1178 3231 1228 3317 πῆ

160 3332 198 3397 δὲ
220 3331 356 3399 ἔλαττον
378 3328 615 3418 ἀποτέμνηται.
652 3330 726 3398 τότε
747 3334 809 3419 γὰρ
832 3330 980 3419 ἀριθμός
999 3337 1148 3424 γίγνεται
1163 3335 1228 3400 τῶν

246 3609 354 3673 baar]
382 3606 413 3660 τὸ
441 3610 500 3662 πάν
521 3610 607 3662 Ambr.
679 3604 737 3661 δ”
720 3627 755 3662 αν
777 3611 833 3662 εδδ.
855 3610 1023 3662 Bernardakis
1048 3612 1118 3677 (post
1141 3604 1228 3670 δόξειε

159 3681 214 3730 εδδ.
233 3679 314 3730 codex
333 3679 362 3741 Β)
432 3680 446 3728 ’ί
473 3678 585 3730 δοοῖυίί
656 3680 671 3730 8
698 3673 845 3746 τῆςαάτοῦ
862 3680 949 3730 Αωίιε.
962 3678 1049 3730 FPet.
1068 3680 1127 3744 (τῆς
1145 3675 1228 3730 αὑτοῦ

160 3749 264 3812 Αἰσίου)
329 3748 358 3796 ίθ
375 3745 464 3797 εῶνΒ
494 3746 503 3815 ΙΙ
534 3738 705 3818 τρεπόμενον
714 3699 801 3799 nsum.
815 3749 903 3800 Vulc.:
922 3763 1005 3829 -μενα
1023 3748 1086 3799 libri
1149 3748 1178 3801 13
1198 3746 1228 3800 ἰν

160 3817 236 3867 habet
253 3831 318 3866 unus
336 3815 423 3865 Ambr.
489 3817 521 3867 14
538 3814 594 3883 ἔχει
611 3817 699 3868 Αωίιε.
713 3815 803 3869 Fvat.
866 3809 1062 3870 ιεἀυωιάτωυ
1079 3817 1227 3881 conjecerat

162 3885 282 3937 Βετεείευ
300 3892 375 3963 atquo
394 3885 430 3934 ita
449 3885 573 3950 scriptum
592 3893 632 3935 est
650 3886 675 3935 in
689 3885 754 3935 Coll.
768 3885 832 3938 Nov.
851 3886 893 3946 (de
912 3886 1038 3966 scriptura
1057 3884 1142 3936 Ambr,
1161 3885 1227 3935 nihil

162 3956 286 4016 notatum)
305 3944 389 4003 -τάτω
408 3954 466 4004 rell.
498 3949 507 4018 ΙΙ
536 3954 604 4018 λέγω
623 3949 655 4018 όη
673 3954 790 4004 Ambr.B
861 3954 889 4003 21
911 3953 979 4004 Loco
979 3947 1112 4072 ἀπείηια
1130 3954 1227 4019 repetit

161 4017 269 4082 ἀταξίας
287 4023 372 4073 Διαίου.
420 4022 453 4071 22
471 4017 638 4073 κειὸνΤυυο.
657 4023 693 4084 (in
713 4023 813 4086 libello)
831 4022 894 4090 Xyl.
909 4020 985 4072 Mez..
1004 4037 1099 4074 οτενν
1145 4023 1177 4072 25
1197 4022 1227 4072 αί

163 4093 240 4142 om.B
294 4087 374 4141 27&
359 4105 444 4157 ν.γευ
457 4089 603 4158 Emporias:
631 4089 718 4158 έγγεν.
739 4091 801 4143 libri
853 4091 885 4142 29
904 4083 1088 4159 ἀποτέτμηται
1105 4089 1225 4142 thubal?
