2842 4724
163 316 237 367 μαι
569 299 824 354 OBAOULORUM
1189 303 1232 368 67

164 472 383 557 πανταχόθεν
413 479 539 557 οἴχεται
545 505 557 555 ,·
589 473 783 542 τούναντίον
808 475 841 541 δ’
864 473 944 560 ῦμίν
966 476 1029 557 έχω
1052 477 1231 564 προβάλλω

162 580 384 665 διαπορῆσαι,
406 580 478 655 πῶς
501 576 573 659 οῦχὶ
596 575 653 643 καὶ
674 578 750 644 τόδε
769 575 961 665 ἀπείρηκεν,
985 576 1059 645 οὐδ’
1073 577 1233 666 Ἡρακλῆς

163 679 270 758 αὖθις
300 681 321 768 ῆ
353 705 405 759 τις
435 680 534 758 ἄλλος
566 684 657 747 θεῶν
689 663 864 748 υπέσπακε
885 685 943 749 τὸν
963 684 1110 769 τρίποδα
1132 709 1232 750 κατα-

162 785 405 872 πιμπλάμενον
426 787 572 868 αἰσχρῶν
593 787 650 850 καὶ
672 784 788 852 ἀθέων
809 786 1039 873 ἐρωτημάτων,
1063 786 1145 875 ἂτῆ
1160 786 1234 876 θεῷ
1253 803 1274 852 Β

136 909 150 948 ⁶
164 889 427 975 προβάλλουσιν,
451 889 484 955 οἱ
499 889 560 975 μὲν
576 887 619 966 ῶς
634 892 798 975 σοφιστοῦ
813 891 996 978 διάπειραν
1011 891 1234 976 λαμβάνοντες

165 993 200 1060 οἳ
223 994 262 1058 δὲ
285 995 363 1078 περὶ
385 996 565 1080 θησαυρῶν
585 993 606 1078 ἢ
621 994 848 1080 κληρονομιῶν
863 993 883 1081 ῆ
896 991 1014 1080 γάμων
1029 994 1234 1081 παρανόμων

164 1098 403 1184 διερωτῶντες·
427 1095 510 1163 ῶστε
531 1098 615 1162 κατὰ
636 1098 753 1183 κράτος
774 1098 1009 1181 ἐξελέγχεσθαι
1031 1101 1089 1165 τόν
1112 1104 1235 1165 Πυθα-

164 1200 270 1288 γόραν
304 1201 444 1267 εἰπόντα
477 1200 666 1284 βελτίστους
699 1194 863 1286 <αότοῦς>
898 1201 1023 1268 ἑαυτῶν
1054 1206 1234 1284 γίγνεσθαι

165 1305 243 1381 τοὺς
265 1301 481 1390 ἀνθρώπους,
506 1301 586 1372 όταν
600 1305 685 1390 πρὸς
699 1306 775 1381 τοῦς
790 1307 892 1381 θεοὺς
908 1305 1102 1390 βαδίζωσιν.
1132 1302 1236 1383 οῦτως

127 1407 236 1494 τοᾶρ’,
276 1404 298 1472 ἀ
336 1409 442 1485 καλῶς
476 1411 562 1490 εἶχεν
594 1405 780 1495 ἀνθρώπου
814 1414 1039 1494 πρεσβυτέρου
1072 1408 1237 1495 παρόντος

167 1509 350 1597 ἀρνεῖσθαι
389 1513 446 1577 καὶ
482 1509 712 1598 ἀποκρύπτειν
743 1514 915 1598 νοσήματα
946 1515 1005 1599 τῆς
1037 1517 1147 1599 ψυχῆς
1180 1514 1236 1577 καὶ

168 1614 281 1700 πάθη,
313 1618 416 1680 ταῦτα
448 1617 557 1700 γυμνά
589 1617 645 1681 καὶ
673 1617 843 1702 περιφανῆ
872 1616 1064 1701 κομίζουσιν
1093 1618 1152 1682 έπὶ
1179 1614 1238 1683 τόν

166 1719 272 1785 θεόν.’
317 1718 365 1784 ἔτι
393 1719 427 1784 δ’
449 1714 553 1784 αῦτοῦ
574 1721 777 1806 βουλομένου
799 1719 920 1800 λέγειν,
954 1718 973 1784 ό
994 1745 1030 1785 τε
1049 1719 1236 1807 Ἡρακλέων

168 1819 350 1905 ἐπελάβετο
382 1823 441 1887 τοῦ
474 1827 647 1908 τρίβωνος,
681 1823 796 1890 ΚΑΙὮ
825 1824 944 1905 σχεδόν
966 1821 1124 1891 ἀπάντων
1146 1822 1236 1910 αὐτῆ

130 1928 416 2010 υσυνηθέστατος
453 1924 499 1991 ῶν
536 1925 665 1993 ίπαόοδ
702 1927 786 2013 ἔφην
822 1925 857 1992 *ὦ
893 1927 971 2013 φίλε
1005 1927 1278 2015 Πλανητιάδη,υ

168 2027 366 2116 παροξύνων
387 2025 447 2095 τόν
468 2030 568 2097 θεόν·
592 2028 766 2116 εὐόργητος
787 2030 850 2114 γάρ
873 2031 944 2096 ἐστι
967 2032 1023 2096 καὶ
1046 2033 1154 2116 πρᾶος

292 2173 488 2255 ικατεκρίθη
511 2170 550 2234 δὲ
570 2174 712 2246 θνατοῖς
734 2167 944 2250 ἀχανῶτατος
966 2170 1080 2256 ἔχομεν’
1109 2188 1238 2243 (huon)

170 2306 214 2385 ῶς
242 2325 346 2394 φησιν
374 2307 394 2374 ό
417 2309 598 2394 Πίνδαρος·
633 2310 688 2373 καὶ
716 2312 782 2373 εἴτε
808 2306 902 2395 ῆλιός
925 2302 1016 2376 ἔστιν
1038 2314 1105 2375 εἴτε
1127 2310 1239 2395 κῦριος

169 2410 264 2500 ἡμῶν
296 2413 352 2476 καὶ
387 2412 495 2498 πατὴρ
522 2413 578 2478 καὶ
606 2411 763 2477 ἐπέκεινα
785 2413 845 2478 τοῦ
866 2410 989 2499 ὁρατοῦ
1011 2412 1147 2490 παντός,
1180 2410 1239 2478 οόκ

132 2516 259 2590 υελκὸς
287 2512 454 2590 ἀπαξιοῦν
480 2517 591 2602 φωνῆς
617 2517 694 2592 τοῦς
715 2520 775 2583 νῦν
797 2515 1012 2603 ἀνθρώπους,
1047 2517 1097 2594 οἷς
1130 2515 1240 2594 αἴτιός

170 2619 245 2685 ἐστι
267 2623 424 2700 γενέσεως
446 2620 502 2684 καὶ
525 2622 649 2706 τροφῆς
669 2620 724 2685 καὶ
738 2622 798 2686 τοῦ
814 2623 901 2685 εἶναι
917 2622 974 2685 καὶ
991 2632 1141 2707 φρονεῖν·
1166 2618 1238 2686 οὐδ’

170 2718 242 2806 ἅμα
264 2722 323 2807 τῆν
344 2721 520 2808 πρόνοιαν,
545 2719 657 2808 ῶσπερ
680 2721 872 2808 εῦχνῶμονα
886 2727 1011 2810 μητέρα
1026 2725 1081 2789 καὶ
1097 2723 1239 2810 χρηστῆν

172 2823 284 2891 πάντα
307 2827 474 2892 ποιοῦσαν
496 2823 576 2912 ῆμϊν
598 2827 654 2890 καὶ
677 2826 922 2911 φυλάττουσαν,
953 2827 989 2892 έν
1010 2827 1096 2914 μόνη
1119 2831 1237 2912 μνησί-

172 2953 275 2995 κακον
298 2933 384 2994 εῖναι
407 2933 446 3020 τῆ
468 2933 623 3021 μαντικῆ,
647 2930 703 2994 καὶ
725 2929 847 3016 ταύτην
866 2928 1094 3016 ἀφαιρεῖσθαι
1116 2930 1241 2996 δοῦσαν

129 3051 155 3090 ²⁵
174 3034 211 3109 ἐξ
233 3030 347 3119 ἀρχῆς·
372 3029 483 3118 ῶσπερ
507 3030 579 3115 οὐχὶ
603 3034 658 3098 καὶ
681 3033 753 3099 τότε
776 3029 942 3100 πλειόνων
957 3033 1060 3101 ὄντων
1075 3034 1111 3100 ἒν
1126 3034 1241 3099 πλείο-

175 3155 233 3203 σιν
255 3133 447 3223 ἀνθράπων
468 3138 635 3224 πονηρῶν,
659 3134 713 3202 ὅτε
736 3137 951 3220 πολλαχόθεν
972 3140 1028 3223 τῆς
1048 3139 1241 3223 οἰκουμένης
1260 3153 1285 3202 D

174 3238 355 3326 χρηστήρια
388 3241 613 3328 καθειστήκει.
663 3242 761 3327 δεῦρο
791 3243 832 3328 δὴ
866 3239 972 3309 πάλιν
1005 3247 1151 3318 καθίσας
1183 3243 1241 3306 καὶ

261 3519 319 3571 1δ’
344 3522 417 3572 deest
439 3521 465 3572 iu
484 3521 550 3574 DV¹
635 3523 715 3574 2καλ
731 3516 802 3585 τόδε]
825 3523 863 3573 ita
881 3521 998 3585 Madvig:
1025 3521 1072 3572 καί
1096 3516 1157 3573 τότε
1179 3521 1241 3570 libri

171 3590 364 3657 (superscripto
393 3590 418 3640 in
447 3590 521 3639 Barb.
549 3606 563 3641 a
589 3607 627 3657 pr.
652 3608 684 3642 m.
711 3590 761 3645 νῦν
787 3588 838 3655 ὡς)
931 3593 946 3641 3
974 3589 1029 3640 τῶν
1054 3588 1128 3641 θεῶν
1154 3589 1240 3640 Ambr.

172 3665 187 3714 8
210 3660 333 3725 βελτίους
350 3657 423 3709 ΒττΙι.
443 3658 571 3718 (-τίστους
598 3674 648 3710 τεο.
667 3666 712 3723 m.)
731 3661 818 3712 Ambr.
888 3654 984 3716 αὐτοὺς
1010 3658 1065 3709 add.
1085 3658 1240 3708 Herwerden

171 3725 390 3795 (Μοεωοε.Χ1Χ)
435 3726 466 3776 10
485 3720 531 3796 ἀρ’
543 3721 569 3790 ἀ]
582 3729 618 3778 ita
633 3728 704 3780 Barb.
715 3729 814 3780 Aldina.
843 3725 1127 3796 aQaDVAmbr.BF.
1157 3719 1241 3776 &AR

173 3800 232 3852 Vnt.
251 3794 306 3845 Pet.
389 3794 420 3846 12
444 3795 526 3846 ταῦτα
549 3795 577 3848 δὲ
598 3815 622 3864 γ.
645 3798 692 3848 καὶ
715 3815 745 3848 π.
769 3795 892 3864 κομίζειν
910 3797 991 3846 Auen.
1016 3796 1042 3846 in
1061 3795 1117 3846 Ald.
1137 3794 1241 3845 Bodl.e

173 3866 249 3928 conj„
267 3871 296 3913 ut
314 3863 418 3913 videtur
484 3865 513 3914 15
532 3856 622 3916 παύου
635 3867 720 3917 Ambr.
750 3865 823 3917 παῦε
835 3865 879 3917 vel
891 3863 961 3914 παῦ’
974 3864 1032 3914 rell.
1098 3863 1129 3915 16
1149 3857 1242 3930 εὐαόρ-

171 3951 256 4004 γητος
274 3933 299 3993 (ε
318 3948 372 3983 ιιι.
391 3931 451 3980 lect.
471 3929 545 4003 ἀόργ.
566 3938 659 4000 ortum)
678 3935 766 3986 Ambr.
779 3932 789 4001 ss
802 3935 847 3984 καὶ
866 3927 896 3983 οὐ
915 3932 1003 4003 πρᾶος
1020 3932 1106 3984 Ambr.
1119 3930 1241 3983 BV³AE

175 4005 233 4057 Vnt.
245 4001 303 4051 Pet.
384 4000 415 4051 18
434 3995 449 4048 ό
469 4003 542 4053 deest
561 4003 585 4052 in
606 4004 724 4054 Ambr.B
806 4004 835 4056 19
853 3997 935 4068 ἡμῶν
952 4002 1057 4068 scripsi:
1084 3994 1160 4065 ῆλιου
1178 4001 1241 4051 libri

174 4077 207 4126 22
234 4071 330 4142 ῶσπερ
357 4069 437 4124 εά-.
473 4066 593 4140 ΕΧηίὶυἰλ
616 4069 637 4124 Ι)
661 4071 733 4126 teste
758 4070 848 4127 Konta
926 4077 958 4126 26
986 4070 1028 4126 ὅτι
1053 4075 1171 4127 Vlssarb.
1194 4077 1242 4136 (θι

177 4160 304 4211 ευρεεεεο.
323 4158 373 4191 sec.
387 4145 431 4204 m.)

1048 4228 1082 4284 5*
