2842 4724
163 285 226 349 120
575 281 624 331 no:
644 277 816 331 orroeon
1157 311 1177 352 1,,
1186 301 1222 338 os

160 460 271 525 δεινὸν
299 456 442 544 ηχούμαι
470 458 514 544 μη
543 461 616 545 θεῶ
643 460 699 522 καὶ
727 462 871 541 προνοίᾳ
892 460 951 544 τη“ν
975 455 1105 544 εὕρεσιν
1128 458 1225 526 αὐτού

117 565 217 630 Εκαὶ
251 561 352 651 ἀρχὴν
385 558 472 629 ἀλλά
500 565 545 650 τῷ
572 563 657 631 κατὰ
681 563 781 648 τύχην
808 565 865 627 καὶ
893 561 1087 649 αὐτομάτως
1116 563 1226 632 ἀνατί-

158 673 301 735 θεσθαι.
341 669 425 750 πρὸς
447 668 488 754 δη
510 669 618 734 ταύτ”
643 670 738 734 εἶπεν
761 668 832 735 *τὸν
851 673 1041 753 Λαμπρίαν
1063 669 1225 755 βούλομαι

160 771 396 858 διαλεχθῆναι·
420 776 610 857 περιμένοις
632 773 700 851 δέ,·’
724 769 826 838 *πάνυ
849 772 910 857 μὲν
930 769 1002 840 οὖν’
1018 769 1038 838 δ
1055 774 1228 851 Φίλιππος

159 877 221 964 ἔφη
249 881 329 941 '‘noi
367 874 492 951 πάντες
527 870 635 941 οὗτοι·
677 874 809 951 πάντας
849 876 911 962 χάρ
952 873 1038 964 ῆμάς
1080 872 1099 943 δ
1135 876 1250 960 λόχοςο

160 982 325 1066 κεκίνηκε.’
491 1031 494 1038 .

245 1089 295 1148 47.
328 1083 443 1149 ΚΑΓΩ
465 1084 549 1169 πρὸς
571 1081 672 1149 αὐτόν
693 1082 765 1167 ιἐμὲ
788 1083 836 1148 δ”
859 1086 957 1150 είπον
980 1082 1033 1150 ιού
1049 1090 1226 1172 κεκίνηκεν,

161 1186 186 1253 ῶ
211 1187 375 1265 Φίλιππε,
399 1187 502 1271 μόνον
524 1184 606 1251 ἀλλά
628 1186 683 1250 καὶ
707 1191 911 1268 συγκέχυκεν,
946 1190 977 1252 εί
998 1187 1035 1254 έν
1056 1189 1228 1268 τοσούτοις

161 1293 217 1356 καὶ
239 1291 444 1376 τηλικούτοις
467 1286 564 1355 οὖσιν
582 1288 660 1372 ύμῖν
680 1291 767 1355 δοκῶ
783 1291 860 1375 παρ’
876 1289 1010 1371 ἠλικίαν
1024 1295 1071 1375 τῶ
1086 1297 1228 1382 πιθανῷ

160 1398 218 1460 τού
250 1392 352 1475 λόχου
386 1392 675 1475 καλλωπιζόμενος
702 1392 851 1480 ἀναιρεῖν
879 1420 912 1459 τι
942 1396 998 1459 καὶ
1029 1408 1136 1463 κινεῖν
1164 1400 1228 1465 τῶν
1239 1423 1261 1461 1⁰

160 1497 295 1582 ἀληθῶς
323 1498 378 1561 καὶ
408 1495 508 1574 ὁσίως
538 1499 615 1580 περὶ
637 1500 696 1563 τού
718 1502 818 1563 θείου
839 1503 1094 1584 νενομισμένων.
1140 1500 1227 1568 ἀπο-

8 1628 97 1683 ιουιι)
160 1601 345 1688 λοχήσομαι
390 1601 428 1667 δὲ
467 1600 615 1688 μάρτυρα
655 1603 712 1665 καὶ
749 1602 904 1668 σύνδικον
940 1601 1025 1687 δμοῶ
1064 1603 1228 1672 Πλάτωνα

162 1706 468 1793 παραστησάμενος.
517 1705 641 1782 ἐκεῖνος
669 1705 731 1790 γάρ
762 1701 781 1770 ὁ
810 1702 891 1791 ἀνήρ
915 1702 1142 1791 Ἀναξαγόραν
1171 1707 1229 1793 μὲν

119 1811 333 1896 Εέμέμψατο
360 1811 418 1876 τδν
445 1807 605 1887 παλαιάν,
640 1807 692 1874 ὅτι
715 1820 788 1885 ταῖς
811 1819 970 1893 φυσικαῖς
992 1808 1077 1894 ἀχαν
1098 1810 1228 1877 ἐνδεδε-

160 1919 257 1999 μένος
290 1915 417 1988 αἰτίαις
450 1913 505 1977 καὶ
538 1913 575 1977 τὸ
605 1912 682 1976 κατ’
710 1910 853 1998 ἀνάγκην
878 1925 950 1988 τοῖς
975 1906 1040 1980 τῶν
1067 1918 1229 2001 σωμάτων
1241 1933 1263 1971 1⁶

161 2014 424 2101 ἀποτελούμενον
458 2015 587 2081 πάθεσι
622 2016 743 2101 μετιών
773 2013 826 2080 ἀεὶ
858 2018 915 2080 καὶ
947 2016 1089 2096 διώκων,
1126 2020 1162 2085 τὸ
1190 1997 1229 2086 ού

161 2127 254 2187 ἕνεκα
287 2122 342 2184 καὶ
375 2117 429 2205 ἀφ’
462 2114 513 2198 οὗ,
548 2117 717 2202 βελτίονας
751 2122 861 2197 αἰτίας
894 2119 996 2196 ούσας
1028 2123 1084 2185 καὶ
1113 2120 1227 2207 ἀρχάς,

160 2224 299 2311 ἀφῆκεν·
337 2221 434 2299 αὐτὸς
468 2223 506 2288 δὲ
540 2227 670 2307 πρῶτος
702 2249 721 2309 η
756 2223 900 2307 μάλιστα
933 2227 996 2289 τῶν
1029 2227 1229 2312 φιλοσόφων

160 2328 348 2414 ἀμφοτέρας
380 2326 558 2409 ἐπεξῆλθε,
590 2327 636 2411 τῷ
658 2324 719 2409 μὲν
741 2327 813 2412 θεῷ
834 2327 893 2411 την
914 2324 1016 2412 ἀρχὴν
1037 2322 1227 2407 ἀποδιδούς

91 2443 142 2497 436
161 2433 225 2495 τῶν
247 2430 329 2493 κατὰ
352 2428 451 2507 λόγον
472 2427 625 2509 ἐχόντων,
650 2425 707 2492 ούκ
728 2427 920 2514 ἀποστερῶν
939 2431 977 2495 δὲ
991 2431 1051 2516 την
1066 2429 1147 2518 ὕλην
1161 2439 1228 2500 τῶν
1241 2456 1263 2495 τυ

161 2532 349 2613 ἀναγκαίων
372 2531 455 2614 πρὸς
476 2532 511 2596 τύ
531 2529 723 2615 γιγνόμενον
737 2535 865 2611 αἰτιῶν,
890 2530 975 2599 ἀλλά
991 2539 1150 2622 συνορῶν,
1174 2536 1227 2604 ὅτι

160 2637 238 2727 τῇδέ
279 2660 326 2720 πη
368 2634 424 2698 καὶ
460 2635 497 2699 τδ
535 2637 605 2701 πάν
641 2636 810 2722 αἰσθητὸν
847 2638 1152 2725 διακεκοσμημένον
1188 2639 1227 2707 ού

161 2741 313 2824 καθαρὸν
336 2737 407 2806 οὐδ’
427 2735 545 2825 ἀμιγές
567 2740 670 2818 ἐστιν,
695 2738 777 2804 ἀλλὰ
793 2743 849 2826 τῆς
864 2737 941 2827 ὕλης
958 2743 1227 2832 συμπλεκομένης

160 2849 205 2932 τῷ
229 2845 314 2931 λόγῳ
338 2844 500 2929 λαμβάνει
521 2845 580 2930 τη“ν
601 2849 737 2925 γένεσιν.
783 2842 845 2930 ὅρα
867 2846 905 2910 δὲ
927 2849 1059 2930 πρῶτον
1081 2849 1141 2915 ἐπὶ
1163 2854 1229 2917 τῶν

160 2952 328 3030 τεχνιτῶν·
339 2945 341 2949 ’
353 2948 426 3015 οίον
447 2946 549 3024 εὐθὺς
571 2947 590 3034 η
613 2947 813 3034 περιβόητος
830 2949 979 3015 ἐνταῦθα
993 2955 1054 3018 τού
1068 2957 1228 3041 κρατῆρος
1241 2980 1264 3018 ιτ

162 3054 241 3138 ἔδρα
263 3054 319 3117 καὶ
341 3053 453 3137 βάσις,
483 3050 522 3139 ἣν
541 3051 717 3139 Ἡρόδοτος
739 3051 1018 3140 ὑποκρητηρίδιον
1041 3053 1226 3142 ῶνύμασεν,

249 3339 427 3416 2αάτομάτω
445 3349 565 3402 BAVot.
578 3348 631 3400 Pet.
701 3345 939 3418 3rrioA.Wytt.:
967 3344 988 3401 ῶ
1014 3352 1141 3423 λαμπρία
1166 3357 1228 3409 libri

161 3417 383 3488 4περιμένειελλ
415 3416 424 3485 {i
453 3415 521 3469 ὁΦ.
539 3417 601 3483 ἔφη]
620 3414 727 3470 εἴπενό
749 3423 783 3468 Φ.
803 3419 869 3469 idem
934 3419 992 3471 8εἰ
1009 3419 1048 3484 ἔν]
1067 3423 1140 3475 δοκεῖ
1158 3427 1183 3476 εἰ
1201 3427 1228 3477 in

162 3489 190 3551 F,
208 3488 237 3541 ἐν
254 3488 279 3538 in
299 3487 384 3537 Ambr.
440 3489 471 3539 10
489 3484 623 3552 δγκοιλωπ.
638 3488 655 3536 Β
709 3487 738 3537 11
760 3483 842 3544 ὁσίως
854 3488 1006 3539 Ηυτιτκτδοο
1025 3490 1126 3552 (Mrem,
1140 3492 1226 3560 XiX):

162 3559 245 3614 θείως
264 3554 325 3606 libri
381 3556 410 3606 13
430 3551 444 3606 ὁ
463 3549 542 3622 ἀνὴρ]
561 3551 576 3607 ὁ
594 3555 671 3606 habet
688 3572 752 3606 unus
765 3557 836 3606 Barb.
892 3559 923 3608 14
941 3554 1115 3627 ἐνδεδεμένος
1132 3577 1181 3613 seo.
1195 3580 1227 3614 m.

163 3627 248 3677 λοισι.
284 3621 457 3692 ἐνδεδυμένος
484 3627 541 3677 roll.
614 3624 644 3674 17
669 3617 765 3676 οὕνεκα
788 3626 860 3675 Borb.
875 3625 1062 3678 Amonrret.
1095 3628 1104 3696 η
1134 3633 1229 3695 αἰτίας]

163 3697 258 3759 οὐσίας
275 3701 347 3752 ΒοτΙ).
422 3701 450 3751 18
469 3694 486 3765 ἢ
505 3701 587 3751 οιυ.Ε
657 3702 689 3750 20
717 3701 771 3751 τῶν
797 3696 866 3751 κατὰ
892 3693 982 3769 λόχον.
1020 3696 1114 3752 Denuo
1133 3695 1229 3771 incipit

163 3770 284 3825 Venetus
315 3771 325 3838 i
355 3771 524 3847 ἀποστερῶν]
543 3773 602 3827 ἀπὸ
621 3776 718 3847 ἑτέρων
735 3778 806 3827 Brrb.
877 3778 909 3828 22
933 3776 997 3842 τῇδέ
1013 3795 1051 3842 πη
1073 3793 1121 3829 om.
1140 3795 1178 3844 pr.
1197 3796 1228 3830 m.

163 3842 247 3893 Amor.
319 3843 349 3894 23
375 3842 406 3897 δὲ
423 3853 481 3912 post
499 3842 625 3915 καθαρὸν
643 3846 735 3896 habent
753 3845 911 3898 rrEVat.
924 3845 980 3898 Pet.
1049 3847 1083 3924 24
1106 3849 1226 3917 πρῶτον]

162 3911 221 3964 oin
240 3927 290 3962 ras.
302 3911 336 3962 V²
389 3914 420 3962 25
438 3915 573 3982 τεχνητῶν
591 3930 675 3966 omnes
694 3923 798 3981 praeter
812 3914 846 3965 V1
859 3917 930 3966 Borb.
984 3914 1015 3964 26
1033 3919 1113 3980 βασις
1131 3931 1181 3966 τεο.
1193 3933 1225 3967 m.

163 3980 249 4030 Ambo.
285 3972 372 4049 ηάσις
390 3982 423 4033 V1
437 3983 508 4032 Borb.
523 4000 560 4049 pr.
573 3999 603 4033 m.
617 3983 703 4034 Ambo.
763 3974 822 4039 ύσις
833 3983 869 4036 V³
887 3994 912 4035 et
930 3984 988 4035 rell.
1009 3985 1067 4044 (hoo
1086 3986 1228 4051 scripserat

164 4047 286 4098 librarius
306 4051 330 4100 in
345 4051 427 4113 Baro,
447 4052 491 4101 red
508 4053 561 4117 ipso
574 4053 701 4114 correxit)
713 4053 724 4115 ΙΙ
737 4069 865 4121 υποκρητ.
879 4068 911 4103 ex
924 4053 1052 4104 Herodoto
1067 4054 1226 4120 Anonymus:

162 4115 280 4187 ἒπικρητ.
299 4119 325 4181 (η
344 4119 370 4168 in
389 4135 440 4169 ras.
453 4117 498 4183 Vi)
516 4120 576 4171 libri
595 4129 700 4187 excepto
718 4123 738 4172 B
756 4122 798 4187 qui
816 4120 938 4194 ἔπικρατ.
