2842 4724
156 296 230 344 μοι
605 275 784 327 mucuns
1181 275 1223 339 57

158 452 282 531 λεκτος,
306 450 419 538 ῶσπερ
443 453 475 518 οἳ
499 453 732 537 μαθηματικοὶ
753 450 905 537 γραμμήν
927 449 1067 516 εὐθεῖαν
1090 452 1228 523 καλοῦσι

157 556 218 642 τὴν
251 557 426 641 ἐλαχίστην
457 558 522 622 τῶν
550 557 592 620 τά
614 552 698 621 αὐτὰ
720 558 848 638 πέρατα
870 554 1030 636 ἐχουσῶν,
1064 551 1168 631 οὕτως
1189 543 1270 620 οὐκῚ

159 663 311 727 ποιοῦσα
343 661 478 747 καμπην
511 657 589 725 οὐδέ
615 657 734 725 κύκλον
756 655 833 724 οὐδὲ
856 656 1001 745 διπλόην
1024 656 1103 724 οὐδέ
1125 657 1229 745 ἀμφι·

159 764 281 845 βολίαν
313 761 398 827 ἀλλά
430 761 547 828 εὐθεῖα
581 764 664 846 πρὸς
696 763 755 846 την
783 756 950 847 ἀληθειαν
979 758 1062 828 οὐσα
1084 763 1170 849 πρὸς
1191 763 1230 828 δέ

131 872 280 932 επίστιν
310 865 542 953 ἀνεπισφαλης
572 868 627 931 καὶ
658 863 850 941 ὐπεόθυνος
879 863 997 931 οὐδένα
1023 869 1101 931 καθ’
1130 864 1230 953 αὐτῆς

161 970 295 1052 ἔλεγχον
317 969 392 1055 ἄχρι
415 973 473 1036 νύν
496 970 745 1053 παραδέδωκεν,
777 966 1005 1054 ἀναθημάτων
1026 970 1064 1035 δέ
1086 971 1142 1034 καὶ
1165 968 1228 1035 δῶ-

162 1097 228 1161 ρων
250 1074 441 1159 ἐμπέπληκε
460 1075 671 1159 βαρβαρικῶν
686 1073 741 1136 καὶ
755 1069 952 1158 Ἑλληνικῶν
966 1073 1004 1136 τό
1019 1066 1229 1158 χρηστήριον,

161 1176 436 1262 οἰκοδομημάτων
456 1177 494 1242 δὲ
510 1174 776 1263 <κεκαλλῶπικε>
793 1173 925 1240 κάλλεσι
941 1169 997 1239 καὶ
1012 1187 1230 1253 κατασκευαῖς
1248 1189 1300 1244 409

156 1281 458 1368 Ἀμφικτυονικαῖς.
502 1278 599 1363 όράτε
620 1280 797 1365 δήπουθεν
819 1277 914 1346 αὐτοὶ
938 1279 1047 1346 πολλά
1068 1279 1129 1365 μέν
1154 1279 1229 1345 ἐπε-

123 1411 148 1448 10
162 1390 321 1470 κτισμένα
343 1388 409 1450 τῶν
423 1385 585 1471 πρότερον
607 1382 667 1449 οὐκ
690 1383 806 1462 όντων,
832 1383 941 1450 πολλά
956 1384 994 1449 δέ
1009 1380 1232 1470 ἀνειλημμένα

161 1492 226 1556 τῶν
248 1492 493 1573 συγκεχυμένων
516 1490 571 1552 καὶ
594 1485 864 1574 διεφθαρμένων.
910 1485 953 1563 ῶς
975 1487 1013 1552 δὲ
1035 1499 1106 1563 τοῖς
1128 1484 1231 1553 εὐθα-

162 1594 234 1659 λέσι
256 1595 321 1660 τῶν
343 1593 489 1676 δένδρων
505 1598 598 1678 έτερα
614 1591 900 1676 παραβλαστάνει,
925 1593 980 1656 καὶ
995 1602 1068 1668 τοῖς
1083 1590 1232 1677 Δελφοῖς

162 1696 181 1782 ἡ
206 1695 340 1762 Πυλαία
362 1699 490 1782 συνηβᾷ
512 1694 567 1761 καὶ
591 1690 887 1778 συναναβόσκεται,
917 1695 977 1760 διά
997 1695 1056 1771 τὰς
1078 1694 1232 1786 ἐντεῦθεν

163 1799 322 1885 εὐπορίας
361 1803 470 1886 σχῆμα
509 1799 726 1883 λαμβάνουσα
763 1800 820 1864 καὶ
853 1801 985 1886 μυρφην
1017 1799 1073 1863 καλ
1106 1797 1232 1885 κόσμον

124 1903 262 1989 ιεῖερῶν
296 1904 352 1970 καὶ
384 1905 563 1988 συνεδρίων
595 1905 652 1968 καὶ
684 1899 815 1969 ὐδάτων
848 1902 920 1969 οἷον
942 1903 978 1969 ἐν
999 1901 1121 1983 χιλίοις
1143 1901 1230 1967 ἔτεσι

163 2018 235 2085 τοῖς
256 2008 419 2095 πρότερον
441 2006 499 2074 οὐκ
522 2006 648 2092 ἔλαβεν.
686 2005 719 2073 οἶ
741 2007 801 2092 μέν
823 1995 883 2073 οὐν
904 2007 983 2091 περὶ
1004 2006 1042 2072 τό
1068 2005 1231 2080 Γαλάξιον

163 2115 220 2198 τῆς
242 2115 412 2188 Βοιωτίας
442 2112 669 2188 κατοικοῦντες
701 2110 849 2202 ᾔσθοντο
881 2113 940 2176 τοῦ
966 2112 1051 2177 θεοῦ
1072 2111 1131 2196 τη“ν
1153 2110 1231 2176 ἐπι-

164 2213 307 2301 φάνειαν
330 2213 482 2301 ἀφθονίᾳ
504 2216 560 2279 καὶ
583 2218 763 2298 περιουσίᾳ
784 2213 957 2295 γάλακτος·
982 2232 1029 2286 (τι.
1042 2231 1117 2285 περ.
1130 2231 1195 2282 ωε)
1249 2232 1272 2280 B

230 2345 418 2432 *προβάτων
439 2345 501 2430 γὰρ
524 2345 560 2410 ἐκ
582 2342 717 2411 πάντων
739 2341 924 2432 κελάρυξεν,

127 2486 150 2525 20
228 2447 272 2526 ῶς
294 2448 363 2514 ἀπό
386 2452 508 2536 κρηνῶν
530 2453 693 2536 φέρτατον
715 2445 816 2534 ὕδωρ,

226 2551 354 2618 θάλεον
374 2551 474 2634 χάλα·
497 2554 549 2618 τοὶ
571 2552 605 2617 δ’
627 2550 804 2637 ἐπίμπλων
825 2551 1002 2638 ἐσσύμενοι
1024 2556 1165 2629 πίθους·

226 2655 328 2733 ἀσκός
349 2657 382 2722 δ’
405 2654 480 2722 οὐτε
501 2682 552 2733 τις
574 2653 743 2743 ἀμφορεὺς
765 2656 865 2722 ἐλίνυ’
886 2656 923 2722 ἐν
944 2654 1075 2740 δόμοις,

225 2764 250 2842 †
273 2760 395 2826 πέλλαι
417 2760 455 2826 δέ
475 2761 613 2842 [ξυλινοὶ
635 2764 751 2842 πίθοι]
772 2760 929 2826 πλᾶσθεν
956 2757 1120 2837 άπαντες.’
1142 2763 1168 2841 †

162 2889 242 2977 ἡμίν
264 2890 302 2955 δέ
323 2885 539 2975 λαμπρότερα
561 2892 618 2956 καί
640 2894 809 2976 κρείττονα
829 2891 885 2955 καὶ
906 2895 1094 2977 σαφέστερα
1109 2901 1232 2976 σημεῖα

127 2994 288 3060 τετούτων
309 2991 528 3074 ἀναδίδωσιν,
564 2992 676 3079 ῶσπερ
699 2995 735 3069 ἐξ
756 2992 883 3079 αὐχμοῦ
904 2998 961 3080 τῆς
982 2991 1136 3081 πρόσθεν
1158 2993 1232 3080 ἐρη-

161 3101 240 3182 μίας
273 3099 330 3162 καί
362 3103 480 3175 πενίας
511 3096 673 3183 εὐπορίαν
707 3100 762 3162 καὶ
794 3097 1011 3184 λαμπρότητα
1044 3104 1100 3162 καὶ
1133 3096 1232 3183 τιμην

161 3200 364 3287 πεποιηκός.
408 3205 516 3266 καίτοι
550 3202 639 3288 φιλῶ
671 3203 731 3287 μὲν
761 3190 904 3287 ἐμαυτόν
926 3201 976 3289 ἐφ’
1000 3201 1051 3279 οίς
1073 3199 1231 3287 ἐγενόμην

161 3307 208 3382 είς
237 3304 281 3370 τά
313 3302 492 3392 πράγματα
525 3307 628 3371 ταῦτα
661 3305 838 3391 πρόθυμος
869 3307 925 3370 καὶ
958 3304 1119 3392 χρήσιμος
1149 3308 1232 3389 μετὰ

244 3561 261 3612 5
279 3557 470 3631 ἀνεπισφαλης
487 3562 603 3627 Madvig:
621 3559 775 3631 ἐπισφαλὴς
821 3563 836 3615 8
854 3564 1035 3617 κεκαλλιπικε
1051 3555 1231 3626 (ἐκαλλώπισε

162 3629 344 3693 Βετοεεδελίε)
357 3631 443 3681 addidi
498 3629 839 3714 19.προβάτωνλίεοοίευει
858 3626 1028 3704 προπάντωυ
1081 3634 1112 3683 20
1131 3632 1232 3705 κρηνᾶν

520 3717 541 3750 ω

161 3766 249 3831 Bergk.
269 3760 393 3835 κρηνάων
410 3771 436 3831 (ο
455 3769 558 3835 κρηνᾶν
575 3773 689 3834 ortumi)
711 3769 774 3820 libri
845 3771 874 3822 21
896 3767 1000 3822 θάλεον
1027 3771 1103 3821 idem:
1131 3759 1230 3834 θήλεον

161 3834 192 3885 22
210 3833 252 3898 δ’]
282 3836 343 3887 libri
371 3852 420 3886 non
439 3837 537 3888 elidunt
558 3836 567 3906 ΙΙ
589 3834 660 3901 οὐτε]
690 3839 752 3890 οντέ
766 3838 787 3889 E
813 3838 822 3905 ΙΙ
847 3836 927 3892 ἐλίνυ’
945 3839 975 3892 έν
994 3839 1099 3903 Bergk:
1128 3837 1231 3891 έλίννυε

161 3903 192 3954 23
208 3906 350 3956 πέλλαι-
366 3898 492 3962 ἅπαντες.
523 3907 590 3957 Ηεεο
609 3907 667 3958 dedi
685 3908 753 3958 sicut
771 3915 875 3958 exstant
887 3910 913 3960 in
931 3907 1007 3959 libris
1026 3908 1077 3958 nisi
1096 3909 1230 3973 quodcum

162 3972 252 4023 Aldina
269 3971 398 4027 πλάσθεν
415 3991 460 4041 pro
479 3975 605 4040 πλῆσθεν
621 3976 723 4042 scripsi.
753 3977 826 4029 uncis
844 3978 937 4029 inclusi
957 3976 1058 4035 ξολινοὶ
1075 3981 1172 4039 πίθοι,
1189 3984 1230 4028 est

162 4042 224 4093 enim
250 4041 378 4108 glossema
402 4045 433 4096 ιδ
460 4044 570 4104 πέλλαι,
598 4051 629 4096 ut
654 4045 723 4097 vidit
740 4045 852 4113 Toupius
871 4045 914 4108 (εί.
942 4044 1066 4097 Τλεεεοτ.
1085 4061 1105 4097 ε.
1124 4044 1228 4110 uma).

162 4110 252 4162 πελλαλ
269 4105 326 4180 γάρ
345 4111 452 4164 λιδινοί
469 4129 496 4164 τε
514 4116 596 4166 πίθοι
614 4114 741 4165 πλᾶσθεν
759 4107 879 4172 ἅπαντες
897 4114 985 4178 Bergk.
