2842 4724
61 311 133 363 μιι
469 292 725 349 οΒΑυσεοουπ
1087 299 1136 362 γρἸ

61 467 234 555 οίκήσεως·
267 466 287 555 ή
313 495 348 534 τε
376 470 459 556 μετά
490 471 583 556 σιγής
612 471 665 535 ἐπ’
687 468 790 556 αὐτήν
811 472 871 535 διὰ
891 473 947 558 τής
970 468 1130 558 ὀνομαζο-

59 576 159 659 μένης
184 571 355 648 Δολωνίας
388 572 522 658 ἔφοδος,
556 573 593 639 ev
620 567 809 664 ήήαλόλα
835 574 873 639 δὲ
894 579 919 656 †
941 576 999 642 τόν
1025 574 1130 662 άμφι-

59 676 153 762 θαλή
175 675 274 762 κόρον
295 674 458 762 ήμμέναις
480 677 580 759 δᾳσὶν
603 675 733 759 ἄγουσι,
757 678 812 741 καί
833 679 1078 763 προσβαλόντες
1092 679 1130 745 τὸ
1150 693 1170 741 Β

60 782 129 865 πῦρ
159 782 199 870 τῇ
226 780 362 845 καλιάδι
392 780 447 845 καὶ
476 781 535 868 τήν
556 776 725 866 τράπεζαν
747 778 991 867 ἀνατρέψαντες
1013 780 1130 848 ἀνεπι-

33 884 198 968 εστρεπτὶ
221 880 381 967 φεόγουσι
404 883 447 947 δι’
470 880 505 948 ἐκ
527 886 642 965 θυρῶν
664 886 724 949 τοῦ
744 883 849 968 ίεροό·
872 887 927 950 καὶ
943 886 1130 952 τελευταῖον

60 995 98 1052 αί
119 1011 156 1052 τε
179 987 306 1054 πλάναι
329 987 385 1051 καὶ
408 986 427 1073 ή
449 987 585 1071 λατρεία
606 990 665 1052 τοῦ
688 988 812 1065 παιδὸς
834 995 868 1054 οί
889 1013 925 1053 τε
939 986 1127 1075 γιγνόμενοι

61 1092 139 1178 περὶ
161 1090 204 1156 τὰ
223 1094 339 1176 Τέμπη
363 1092 535 1176 καθαρμοὶ
557 1089 702 1177 μεγάλου
722 1093 812 1168 τινὸς
826 1091 925 1172 ἄγους
941 1094 996 1156 καὶ
1011 1091 1128 1178 τολμή-

59 1218 165 1280 ματος
187 1191 342 1279 όποψίαν
365 1194 486 1276 ἔχουσι.
524 1195 727 1274 παγγέλοιον
747 1193 810 1279 γάρ
833 1195 936 1273 ἐστιν,
961 1192 986 1261 ὦ
1008 1195 1129 1280 ἑταῖρε,

59 1299 119 1363 τόν
140 1295 294 1363 Ἀπόλλω
322 1302 494 1365 κτείναντα
521 1301 645 1382 θηρίον
672 1297 808 1384 φεύγειν
834 1299 894 1363 ἐπὶ
924 1303 1050 1385 πέρατα
1077 1303 1133 1385 τής

23 1430 47 1467 10
58 1399 214 1477 Ἑλλάδος
236 1397 400 1486 άγνισμοό
422 1399 591 1486 δεόμενον,
615 1404 673 1466 εἴτ’
696 1401 765 1466 ἐκεῖ
785 1401 866 1483 χοάς
887 1425 979 1478 τινας
993 1407 1131 1484 χεῖσθαι

61 1507 118 1570 καί
133 1506 219 1590 δρᾶν
233 1501 392 1590 δὶδρῶσιν
406 1502 587 1590 ἄνθρωποι
602 1510 772 1591 μηνίματα
784 1504 954 1588 δαιμόνων
969 1503 1133 1594 άφοσιοό-

57 1632 154 1703 μενοι
190 1609 247 1673 καί
280 1606 495 1692 πραΰνοντες,
530 1605 586 1683 οὓς
613 1606 797 1694 ἀλάστορας
819 1610 875 1675 καί
899 1609 1132 1695 παλαμναίους

60 1706 295 1797 ὀνομάζουσιν,
320 1706 364 1787 τός
386 1709 539 1798 ἀλήστων
560 1714 662 1778 τινοῖν
684 1713 740 1777 καὶ
761 1712 914 1779 παλαιάν
933 1713 1132 1800 μιασμάτων

61 1816 209 1902 μνήμαις
235 1812 438 1891 ἐπεξιόντας.
484 1812 520 1880 όν
547 1817 584 1881 δὲ
612 1815 737 1902 ήκουσα
765 1816 866 1897 λόγον
888 1815 949 1903 ήδη
972 1819 1051 1907 περὶ
1073 1819 1166 1904 τήςῦ

23 1953 47 1992 ιε
61 1923 167 2007 φυγῆς
199 1918 317 2004 ταότης
349 1916 405 1984 καὶ
434 1922 490 2004 τής
523 1916 769 2005 μεταστάσεως,
807 1919 932 1996 ἄτοπος
964 1925 1027 2006 μέν
1060 1921 1131 1986 ἐστι

61 2024 180 2098 δεινάς
206 2024 262 2087 καὶ
286 2021 491 2106 παράδοξος·
525 2025 556 2088 εί
588 2025 617 2089 δ’
651 2022 813 2109 ἀληθείας
844 2049 877 2089 τι
911 2029 1051 2109 μετέχει,
1085 2027 1129 2112 μή

61 2127 181 2212 μικρόν
207 2124 362 2210 οἰώμεθα
389 2127 472 2212 μηδὲ
500 2127 614 2193 κοινδν
641 2130 728 2193 εἶναι
755 2129 792 2193 τὸ
822 2129 978 2214 πραχθὲν
1004 2129 1040 2195 ἐν
1061 2140 1131 2204 τοῖς

60 2224 136 2291 τότε
157 2223 290 2310 χρόνοις
313 2227 390 2311 περὶ
412 2227 450 2291 τό
472 2224 678 2311 χρηστήριον.
715 2223 785 2292 ἀλλ’
810 2232 865 2292 ίνα
886 2228 930 2313 μή
953 2229 990 2293 τὸ
1009 2226 1132 2313 Ἐμπε-

60 2323 214 2390 δόκλειον
235 2336 350 2391 ποιεῖν
371 2322 457 2400 δόξω
480 2344 510 2395 (ι.
523 2345 563 2384 τεο
577 2342 692 2395 πωπω)

23 2461 48 2500 20
354 2427 518 2514 ικορυφοὶς
540 2426 652 2512 ἑτέρας
674 2427 802 2514 ἑτέρησι
824 2425 1033 2514 προσάπτων

163 2530 285 2617 μόθων
306 2533 350 2618 μή
372 2532 497 2597 τελέειν
519 2528 671 2616 ἀτραπόν
692 2533 798 2614 μίαν’,

62 2636 185 2702 ε’άσατέ
217 2660 259 2721 με
286 2645 359 2711 τοϊς
386 2634 533 2717 πράτοις
559 2634 597 2699 τό
625 2636 795 2720 προσῆκον
821 2633 1000 2700 ἐπιθεῖναι
1027 2636 1133 2712 τέλος·

63 2740 126 2826 ήδη
148 2739 211 2824 γάρ
234 2737 289 2803 ἐπ’
312 2735 401 2824 αὐτῷ
423 2735 617 2822 γεγόναμεν·
640 2738 697 2801 καὶ
719 2736 936 2824 τετολμήσθω
951 2738 1035 2822 μετὰ
1048 2740 1135 2805 πολ-

62 2843 141 2920 λοὺς
175 2844 334 2928 είρήσθαι
366 2848 423 2906 καί
454 2838 546 2926 ήμίν,
581 2837 632 2905 ὅτι
659 2851 730 2917 τοῖς
753 2842 894 2926 περὶτὰ
916 2853 1056 2925 μαντεία
1078 2843 1134 2906 καὶ

24 2946 245 3034 μχρηστήρια
277 2950 489 3030 τεταγμένοις
520 2945 712 3030 δαιμονίοις
740 2945 934 3012 δκλείπουσί
955 2971 991 3010 τε
1013 2946 1136 3035 κομιδή

149 3170 165 3220 ε
183 3168 214 3223 ει
229 3155 249 3252 ᾗ
260 3168 367 3221 noim:
384 3165 424 3237 μὴ
440 3169 503 3220 libri
517 3167 525 3236 η
538 3161 618 3218 πότι
636 3165 676 3219 εει
695 3166 724 3219 οε
742 3168 768 3218 τε
782 3168 855 3246 εει).
874 3183 888 3218 ι
906 3184 957 3218 τεο.
970 3184 1002 3218 m.
1021 3168 1134 3219 additum

63 3247 113 3304 ost,
130 3239 285 3306 ‘firmamque
313 3239 416 3291 videtur
444 3239 481 3289 ita
508 3237 637 3302 scriptura
655 3237 777 3305 Hesychii
796 3235 890 3287 αλοδαι
920 3232 996 3304 παρὰ
1015 3237 1137 3303 Δελφοῖς

62 3310 143 3375 γένος
160 3325 195 3359 τι.
231 3308 299 3358 Loco
321 3304 360 3374 μή
383 3303 463 3359 αἰόλα
487 3306 518 3359 δὲ
536 3312 577 3356 est
595 3306 620 3356 iu
640 3305 660 3355 E
678 3306 728 3356 lac.
750 3306 848 3358 151111Ὶ
888 3303 998 3356 Consule
1017 3306 1047 3356 do
1066 3305 1135 3355 hisce

65 3377 190 3441 Wonigor
207 3377 258 3428 nu
273 3376 416 3440 Collegium
434 3377 480 3427 dor
498 3375 618 3440 Thyadon
638 3390 689 3425 von
707 3373 799 3439 Delphi
818 3374 954 3438 (Eisennch
973 3373 1048 3437 1876)
1066 3390 1089 3440 p.
1105 3374 1135 3423 11

64 3447 80 3496 3
109 3435 327 3514 προσβάλλοντες
357 3460 443 3496 omnes
473 3449 576 3511 praeter
606 3441 680 3492 Barb.
700 3443 784 3493 Ambr.
879 3445 896 3494 4
924 3436 1137 3513 άνεττιστρεπτεὶ

66 3515 137 3565 m
151 3513 171 3564 Ε
184 3510 312 3564 met.
342 3506 542 3583 ἀμεταστρεπτί
562 3511 580 3560 Β
633 3511 648 3559 5
666 3509 699 3561 δι’
718 3508 747 3562 ἔκ
763 3510 867 3582 θυρῶν]
887 3512 1005 3577 optimam
1023 3511 1136 3576 seriptu-

65 3599 118 3702 λλ
139 3574 1028 3709 (”““ε“ἶ“δῗλίλ3λλλλζῖίλλ’ῗλλλὶλλλίλλιλλλ
1044 3579 1137 3696 λ’ἑῖλί

67 3727 95 3778 11
115 3717 134 3775 δι’
153 3721 266 3794 δρῶσιν.
294 3717 386 3773 Denuo
405 3714 539 3789 incipitv
589 3722 619 3772 13
638 3714 692 3772 ὅσα
709 3721 813 3787 ληστῶν
829 3722 880 3775 Vl?
898 3723 970 3774 Barb.
1019 3721 1050 3771 14
1068 3737 1136 3788 μνη-

65 3789 156 3862 μάςΒ
185 3790 196 3861 ΙΙ
225 3781 381 3850 ἐπεξιόντας
404 3790 514 3841 εοίοεΕ
540 3806 593 3847 -τες
614 3791 709 3856 reliqui
775 3792 805 3909 126
823 3787 862 3858 μὴ
880 3793 952 3843 deest
971 3791 997 3841 in
1016 3789 1135 3840 Vlssarb.

752 3874 764 3909 ε

67 3929 253 3992 πλάττετε.)
273 3927 357 3978 Ambr.
383 3925 392 3993 ΙΙ
423 3923 463 3997 ίρλ
487 3927 543 3990 (sic)
567 3924 643 3995 παρὰ
667 3927 690 3990 (e
718 3877 795 3993 παὲἀ
822 3928 916 3989 ortum)
935 3927 1021 3979 Ambr.
1040 3926 1135 3983 (eadem

67 3998 119 4060 legi
137 3999 162 4049 in
182 3998 249 4049 Coll.
261 3996 340 4059 Nov.)
406 3996 436 4045 19
455 3997 545 4048 ποιεῖν
563 3996 709 4061 Emporias:
727 3998 815 4047 εἰπεῖν
879 3996 911 4046 20
929 3994 1034 4068 ἑτέρησι
1052 3995 1138 4058 ί-αισι

69 4065 142 4133 Xyl.)
161 4066 291 4130 Scaliger:
310 4063 410 4131 ἑτέραις
473 4064 503 4116 21
523 4059 563 4133 μή
579 4065 680 4116 τελέειν
698 4065 803 4131 scripsi:
829 4060 897 4133 μήτε
914 4064 1000 4133 λέγειν
1035 4062 1065 4112 24
1086 4059 1137 4124 ὅτι]

70 4134 124 4199 ejus
143 4137 199 4187 1οοο
218 4135 268 4186 lae.
285 4134 310 4184 in
330 4132 416 4183 Ambr.
436 4130 451 4180 3
470 4132 522 4183 litt.
