2842 4724
160 336 232 388 pm
570 315 826 371 ORAOULORUM
1187 321 1229 385 99

248 496 299 559 31.
328 491 411 574 Ἕγά
445 493 506 579 μέν
538 489 597 560 οὖν
629 494 775 560 τοσαῦτα
807 494 913 560 εἰπάν
945 494 1097 577 ἐπέσχον.
1140 492 1160 560 δ
1193 495 1231 560 δὲ

159 597 374 664 ΦΙΔΠῚΠΟΣ
396 595 436 663 οῦ
462 597 571 663 πολύν
599 596 718 683 χρόνον
744 598 913 664 διαλιπών
935 606 986 664 6το
1009 599 1069 682 μέν
1091 596 1230 684 άληθές’

162 705 226 786 ἔφη
250 703 342 785 6περὶ
375 699 500 767 τούτων
533 698 636 775 οὕτως
669 700 757 782 ἔχειν
783 700 802 789 ἢ
832 700 948 788 ἑτέρως
975 699 1034 767 οῦκ
1062 699 1103 767 άν
1129 701 1231 782 ἔγωγε

162 806 451 890 διισχυρισαίμην·
475 805 505 868 εἰ
528 804 565 869 δὲ
587 804 645 870 τόν
666 805 752 870 θεὸν
771 802 990 889 ἐκβιβάζομεν
1005 803 1076 880 ἑνός
1090 802 1230 889 κόσμου,

135 909 224 974 ῖδιά
245 913 278 974 τί
302 912 401 974 πέντε
422 906 534 993 μόνων
563 909 729 992 ποιοῦμεν
756 906 794 973 οῦ
822 905 988 974 πλειόνων
1018 905 1230 993 δημιουργόν,

163 1012 221 1077 καὶ
243 1015 294 1088 τίς
316 1011 387 1076 ἔστι
409 1012 467 1076 τοῦ
490 1009 640 1096 ἀριθμοῦ
661 1006 779 1076 τούτου
802 1010 886 1096 πρδς
907 1006 945 1076 τό
969 1011 1102 1096 πλῆθος
1124 1009 1231 1091 λόγος,
1343 1045 1345 1048 v

161 1111 261 1202 η’διον
283 1114 325 1181 ἄν
346 1138 405 1200 μοι
428 1114 515 1180 δοκοῦ
537 1119 665 1198 μαθεῖν
686 1112 707 1198 ἢ
728 1115 785 1200 τῆς
808 1113 958 1179 ἐνταῦθα
979 1115 1038 1180 τοῦ
1060 1121 1090 1178 Ε
1110 1119 1232 1179 καθιε-

163 1219 295 1303 ρεόσεως
317 1218 376 1303 τη“ν
398 1217 561 1283 διάνοιαν.
609 1217 684 1283 οῦτε
713 1218 775 1303 γάρ
808 1221 967 1303 τρίγωνος
988 1217 1009 1303 ἢ
1030 1216 1232 1302 τετράγωνος

164 1320 240 1387 οῦτε
261 1321 386 1396 τέλειος
407 1320 429 1406 η“
451 1322 586 1405 κυβικὸς
609 1319 683 1386 οὔτ’
706 1320 810 1407 άλλην
831 1321 907 1387 τινά
922 1327 1080 1408 φαίνεται
1102 1323 1232 1408 κομψό-

121 1449 148 1489 10
163 1450 246 1511 τητα
261 1428 416 1510 παρέχων
437 1436 508 1500 τοῖς
524 1423 682 1505 ἀγαπῶσι
697 1426 892 1490 τὰτοιαῦτα
914 1426 970 1490 καί
986 1425 1231 1511 θαυμάζουσιν.
1250 1440 1273 1489 F

164 1525 240 1614 ἡδ’
263 1528 333 1593 άπδ
366 1530 432 1593 τῶν
464 1531 639 1610 στοιχείων
661 1527 799 1614 ἔφοδος,
834 1526 874 1613 ἢν
906 1527 1006 1605 αῦτδς
1034 1527 1231 1614 ὑπῃνίξατο,

163 1631 272 1718 πάντῃ
310 1630 499 1716 δύσληπτός
541 1634 611 1697 ἐστι
655 1633 710 1695 καί
753 1632 857 1718 μηδὲν
891 1629 1131 1715 ὑποφαίνουσα
1174 1634 1232 1716 τῆς

164 1735 294 1800 ἐκεῖνον
316 1735 571 1821 ἐπεσπασμένης
594 1730 824 1819 πιθανότητος
846 1736 970 1812 εἰπεῖν,
994 1733 1037 1811 εἰς
1052 1733 1140 1811 εἰκός
1162 1735 1233 1799 ἐστι
1251 1751 1304 1806 427

165 1841 266 1904 πέντε
288 1836 452 1923 σωμάτων
475 1838 660 1919 ἰσογωνίων
687 1839 742 1901 καὶ
767 1837 974 1924 ἰσοπλεύρων
1000 1843 1056 1903 καί
1079 1861 1233 1924 περιεχο-

124 1965 150 2012 ιε
164 1946 274 2027 μένων
300 1945 388 2017 ἴσοις
421 1941 600 2016 ἐπιπέδοις
633 1938 856 2027 ἐγγενομένων
888 1945 927 2031 τῇ
960 1938 1020 2028 ῦλη
1053 1941 1232 2016 τοσούτους

166 2044 270 2120 εῦθύς
291 2044 328 2120 ἐξ
348 2042 455 2111 αῦιοῦν
477 2042 747 2128 ἀποτελεσθῆναι
771 2043 934 2130 κόσμους.’

253 2149 303 2212 32.
337 2153 416 2212 ‘Kal
439 2148 516 2234 μήν’
540 2148 623 2233 ἔφην
643 2147 726 2213 ΕΓΩ
748 2147 851 2212 6δοκεῖ
874 2147 1049 2232 Θεόδωρος
1071 2145 1091 2213 ό
1112 2145 1234 2222 Σολεύς

166 2249 206 2319 οῦ
230 2253 365 2335 φαύλως
387 2254 536 2336 μετιέναι
558 2252 617 2316 τόν
638 2251 750 2332 λόγον,
773 2249 989 2336 ἐξηγούμενος
1011 2252 1052 2316 τὰ
1073 2255 1232 2337 μαθημα-

165 2357 244 2420 τικὰ
276 2357 335 2420 τοῦ
369 2354 557 2430 Πλάτωνος.
602 2358 729 2438 μέτεισι
764 2354 802 2419 δέ
837 2351 948 2429 οὕτως.
998 2355 1146 2440 πυραμὶς
1179 2354 1235 2417 καὶ

126 2490 151 2527 ιο
166 2457 346 2541 ὀκτάεδρον
378 2458 434 2522 καὶ
468 2456 682 2543 εἰκοσάεδρον
715 2458 771 2521 καί
799 2452 1037 2542 δωδεκάεδρον,
1072 2454 1094 2522 ά
1120 2460 1236 2542 πριῦτα

165 2566 302 2626 τίθεται
327 2562 476 2639 Πλάτων,
498 2562 586 2627 καλὰ
599 2565 659 2645 μέν
681 2562 752 2626 ἐστι
766 2558 880 2628 πάντα
896 2566 1112 2648 συμμετρίαις
1127 2560 1234 2641 λόγων

166 2666 224 2730 καὶ
249 2663 389 2750 ἰσότησι,
412 2667 468 2730 καὶ
491 2677 645 2751 κρεῖσσον
668 2662 763 2730 οῦδὲν
786 2662 893 2730 αὐτῶν
916 2663 989 2731 οὐδ’
1012 2662 1131 2750 ὅμοιον
1153 2664 1235 2730 ἄλλο

166 2771 408 2860 συνθεῖναιτῇ
431 2770 531 2854 φύσει
555 2770 611 2833 καί
634 2768 842 2854 συναρμόσαι
871 2767 1053 2834 λέλειπται.
1098 2771 1178 2853 μιᾶς
1200 2789 1236 2852 γε

166 2875 233 2960 μὴν
256 2869 366 2937 πάντα
388 2866 580 2949 συστάσεως
603 2869 661 2937 οῦκ
684 2871 811 2957 εἴληχεν
833 2869 910 2937 οὐδ’
939 2869 1060 2956 ὁμοίαν
1088 2871 1154 2952 ἔχει
1177 2871 1236 2956 τὴν

128 3013 153 3053 2⁶
167 2982 307 3059 γένεσιν,
342 2975 427 3042 ἀλλὰ
456 2973 658 3042 λεπτότατον
691 2979 752 3059 μέν
784 2972 855 3040 ἐστι
889 2977 944 3040 καὶ
978 2973 1176 3060 μικρότατον
1213 2971 1273 3060 ἤΒ

168 3086 325 3166 πυραμίς,
341 3085 497 3166 μέγιστον
513 3081 550 3145 δὲ
565 3082 621 3144 καὶ
637 3079 927 3164 πολυμερέστατον
940 3080 979 3144 τὸ
995 3077 1237 3164 δωδεκάεδρον·

167 3187 232 3251 τῶν
255 3186 292 3249 δὲ
314 3186 523 3271 λειπομένων
545 3184 638 3249 δυεῖν
659 3186 717 3249 τοῦ
737 3179 918 3267 ὀκταέδρου
933 3181 1047 3268 μεῖζον
1069 3180 1089 3266 ἢ
1112 3179 1237 3246 διπλά-

169 3308 245 3354 σιον
266 3286 394 3374 πλήθει
417 3285 585 3372 τριγώνων
606 3286 643 3351 τδ
668 3283 891 3371 εἰκοσάεδρον.
941 3285 995 3350 διδ
1026 3285 1085 3370 την
1106 3288 1237 3366 γένεσιν

169 3391 239 3478 ἅμα
262 3389 375 3458 πάντα
396 3390 581 3476 λαμβάνειν
615 3391 650 3454 ἐκ
677 3391 757 3475 μιάς
783 3387 861 3474 ὕλης
884 3386 1048 3476 ἀδύνατόν
1070 3389 1151 3452 ἐστι.
1196 3388 1239 3452 τά

130 3531 155 3571 ³0
168 3499 231 3582 γὰρ
252 3497 360 3562 λεπτά
381 3497 436 3560 καὶ
472 3495 574 3581 μικρά
602 3496 657 3559 καὶ
685 3505 759 3569 ταῖς
786 3504 1004 3568 κατασκευαῖς
1027 3490 1238 3575 άπλούστερα

169 3602 285 3683 πρῶτα
307 3602 353 3686 τῷ
376 3603 523 3664 κινοῦντι
546 3599 606 3672 καὶ,
619 3596 858 3663 διαπλάττοντι
880 3598 939 3681 την
954 3593 1033 3681 ὕλην
1055 3593 1237 3661 ῦπακούειν

170 3703 293 3788 ἀνάγκη
324 3704 380 3767 καὶ
403 3703 639 3768 συντελεῖσθαι
663 3702 718 3765 καὶ
742 3704 1024 3785 προϋφίστασθαι
1048 3701 1112 3765 τῶν
1135 3696 1236 3781 άδρο-

256 3873 271 3921 3
297 3869 350 3938 ἔφη
368 3872 461 3922 habent
480 3872 499 3920 D
518 3872 615 3934 (Rern.)
634 3868 806 3920 Barb.Ambr.
826 3869 876 3918 soli
946 3868 961 3918 5
986 3867 1122 3935 ποιοῦμεν
1139 3867 1187 3917 καί
1204 3860 1236 3918 ού

170 3942 243 3991 πλίῖ
262 3941 319 4001 (καί
337 3939 522 4004 superscripsit
539 3954 589 3988 εοο.
607 3942 650 4000 ιο.)
670 3939 698 3989 Ε.
734 3935 767 3988 οῦ
786 3939 832 3988 πλ.
850 3938 988 4002 ποιοῦμεν
1005 3936 1174 3986 Βοτοιοιίοίιίε
1191 3939 1236 3998 (ex

171 4009 200 4073 D,
218 4017 247 4059 ut
265 4009 379 4071 videtur)
436 4009 600 4075 9φαίνηται
619 4007 707 4057 ΑΡεῖ.
764 4006 793 4055 12
811 4004 925 4073 ἐπιφ.Ε
986 4005 1015 4055 13
1034 4004 1138 4057 ἐκεῖνον
1155 4004 1233 4055 Turn.

171 4077 255 4128 Vule.:
285 4077 394 4129 ἐκείνων
422 4077 485 4127 libri
556 4078 587 4126 27
617 4074 695 4127 δυοῖν
720 4075 741 4125 E
812 4073 844 4123 28
873 4063 992 4142 τριγύνω
1020 4073 1235 4123 Barb.A1nbr.F

135 4173 140 4183 -
172 4143 452 4214 θῦμκαίλλωίιτ.

1043 4225 1076 4281 7*
