<?xml version="1.0" encoding="UTF-8"?>
<!DOCTYPE html PUBLIC "-//W3C//DTD XHTML 1.0 Transitional//EN"
    "http://www.w3.org/TR/xhtml1/DTD/xhtml1-transitional.dtd">
<html xmlns="http://www.w3.org/1999/xhtml" xml:lang="en" lang="en">
 <head>
  <title>
</title>
<meta http-equiv="Content-Type" content="text/html;charset=utf-8" />
  <meta name='ocr-system' content='tesseract 3.04.00' />
  <meta name='ocr-capabilities' content='ocr_page ocr_carea ocr_par ocr_line ocrx_word'/>
</head>
<body>
  <div class='ocr_page' id='page_1' title='image "./pythicidialogit00plutgoog_0114.png"; bbox 0 0 2842 4724; ppageno 0'>
   <div class='ocr_carea' id='block_1_1' title="bbox 161 280 1230 350">
    <p class='ocr_par' dir='ltr' id='par_1_1' title="bbox 161 280 1230 350">
     <span class='ocr_line' id='line_1_1' title="bbox 161 280 1230 350; baseline -0.004 -11"><span class='ocrx_word' id='word_1_1' title='bbox 161 299 232 349; x_wconf 56' lang='lat' dir='ltr'><strong><em>nus</em></strong></span> <span class='ocrx_word' id='word_1_2' title='bbox 377 280 379 285; x_wconf 87' lang='grc'><strong><em>·</em></strong></span> <span class='ocrx_word' id='word_1_3' title='bbox 568 281 820 336; x_wconf 81' lang='lat' dir='ltr'><strong><em>onncunonnu</em></strong></span> <span class='ocrx_word' id='word_1_4' title='bbox 1188 288 1230 350; x_wconf 72' lang='lat'><strong><em>75</em></strong></span> 
     </span>
    </p>
   </div>
   <div class='ocr_carea' id='block_1_2' title="bbox 161 454 1232 550">
    <p class='ocr_par' dir='ltr' id='par_1_2' title="bbox 161 454 1232 550">
     <span class='ocr_line' id='line_1_2' title="bbox 161 454 1232 550; baseline 0.004 -27"><span class='ocrx_word' id='word_1_5' title='bbox 161 457 218 523; x_wconf 75' lang='grc' dir='ltr'><strong><em>καί</em></strong></span> <span class='ocrx_word' id='word_1_6' title='bbox 241 456 305 542; x_wconf 88' lang='grc' dir='ltr'><strong><em>γάρ</em></strong></span> <span class='ocrx_word' id='word_1_7' title='bbox 327 456 369 524; x_wconf 82' lang='grc' dir='ltr'><strong><em>ἄν</em></strong></span> <span class='ocrx_word' id='word_1_8' title='bbox 388 458 515 524; x_wconf 84' lang='grc' dir='ltr'><strong><em>πλείων</em></strong></span> <span class='ocrx_word' id='word_1_9' title='bbox 529 456 548 523; x_wconf 81' lang='grc' dir='ltr'>ὁ</span> <span class='ocrx_word' id='word_1_10' title='bbox 562 458 678 544; x_wconf 80' lang='grc' dir='ltr'><strong><em>χρόνος</em></strong></span> <span class='ocrx_word' id='word_1_11' title='bbox 693 454 713 550; x_wconf 85' lang='grc' dir='ltr'><strong><em>ή</em></strong></span> <span class='ocrx_word' id='word_1_12' title='bbox 728 456 789 525; x_wconf 88' lang='grc' dir='ltr'><strong><em>κάν</em></strong></span> <span class='ocrx_word' id='word_1_13' title='bbox 803 457 946 526; x_wconf 88' lang='grc' dir='ltr'><strong><em>έλάττων</em></strong></span> <span class='ocrx_word' id='word_1_14' title='bbox 961 459 1022 526; x_wconf 89' lang='grc' dir='ltr'><strong><em>κάν</em></strong></span> <span class='ocrx_word' id='word_1_15' title='bbox 1037 465 1232 547; x_wconf 77' lang='grc' dir='ltr'><strong><em>τεταγμένος</em></strong></span> 
     </span>
    </p>
   </div>
   <div class='ocr_carea' id='block_1_3' title="bbox 125 551 1278 3028">
    <p class='ocr_par' dir='ltr' id='par_1_3' title="bbox 125 551 1278 3028">
     <span class='ocr_line' id='line_1_3' title="bbox 162 551 1232 645; baseline 0.005 -25"><span class='ocrx_word' id='word_1_16' title='bbox 162 555 224 622; x_wconf 87' lang='grc' dir='ltr'><strong><em>κάν</em></strong></span> <span class='ocrx_word' id='word_1_17' title='bbox 246 555 399 634; x_wconf 82' lang='grc' dir='ltr'><strong><em>ἄτακτος,</em></strong></span> <span class='ocrx_word' id='word_1_18' title='bbox 423 552 459 622; x_wconf 75' lang='grc' dir='ltr'><strong><em>ἓν</em></strong></span> <span class='ocrx_word' id='word_1_19' title='bbox 481 551 507 642; x_wconf 78' lang='grc' dir='ltr'><em>ᾦ</em></span> <span class='ocrx_word' id='word_1_20' title='bbox 529 556 742 642; x_wconf 78' lang='grc' dir='ltr'><strong><em>μεταλλάττει</em></strong></span> <span class='ocrx_word' id='word_1_21' title='bbox 765 559 924 644; x_wconf 87' lang='grc' dir='ltr'><strong><em>δαίμονος</em></strong></span> <span class='ocrx_word' id='word_1_22' title='bbox 943 560 1034 645; x_wconf 80' lang='grc' dir='ltr'><strong><em>ψυχή</em></strong></span> <span class='ocrx_word' id='word_1_23' title='bbox 1055 561 1111 624; x_wconf 87' lang='grc' dir='ltr'><strong><em>καὶ</em></strong></span> <span class='ocrx_word' id='word_1_24' title='bbox 1127 558 1232 645; x_wconf 88' lang='grc' dir='ltr'><strong><em>ήρωος</em></strong></span> 
     </span>
     <span class='ocr_line' id='line_1_4' title="bbox 162 655 1231 748; baseline 0.004 -24"><span class='ocrx_word' id='word_1_25' title='bbox 162 663 250 742; x_wconf 77' lang='grc' dir='ltr'><strong><em>βίος,</em></strong></span> <span class='ocrx_word' id='word_1_26' title='bbox 285 657 381 726; x_wconf 73' lang='grc' dir='ltr'><strong><em>οῦδὲν</em></strong></span> <span class='ocrx_word' id='word_1_27' title='bbox 408 655 504 745; x_wconf 88' lang='grc' dir='ltr'><strong><em>ήττον</em></strong></span> <span class='ocrx_word' id='word_1_28' title='bbox 532 661 582 743; x_wconf 76' lang='grc' dir='ltr'><strong><em>ἐφ’</em></strong></span> <span class='ocrx_word' id='word_1_29' title='bbox 610 655 637 748; x_wconf 79' lang='grc' dir='ltr'><em>ᾦ</em></span> <span class='ocrx_word' id='word_1_30' title='bbox 659 662 816 744; x_wconf 77' lang='grc' dir='ltr'><strong><em>βούλεται</em></strong></span> <span class='ocrx_word' id='word_1_31' title='bbox 839 662 1021 737; x_wconf 80' lang='grc' dir='ltr'><strong><em>δεδείξεται</em></strong></span> <span class='ocrx_word' id='word_1_32' title='bbox 1044 665 1127 748; x_wconf 84' lang='grc' dir='ltr'><strong><em>μετὰ</em></strong></span> <span class='ocrx_word' id='word_1_33' title='bbox 1148 688 1231 748; x_wconf 85' lang='grc' dir='ltr'><strong><em>μαρ-</em></strong></span> 
     </span>
     <span class='ocr_line' id='line_1_5' title="bbox 161 761 1232 851; baseline 0.004 -23"><span class='ocrx_word' id='word_1_34' title='bbox 161 762 271 847; x_wconf 85' lang='grc' dir='ltr'><strong><em>τῦρων</em></strong></span> <span class='ocrx_word' id='word_1_35' title='bbox 293 766 408 850; x_wconf 90' lang='grc' dir='ltr'><strong><em>σοφῶν</em></strong></span> <span class='ocrx_word' id='word_1_36' title='bbox 429 764 485 829; x_wconf 85' lang='grc' dir='ltr'><strong><em>καὶ</em></strong></span> <span class='ocrx_word' id='word_1_37' title='bbox 508 763 677 841; x_wconf 84' lang='grc' dir='ltr'><strong><em>παλαιῶν,</em></strong></span> <span class='ocrx_word' id='word_1_38' title='bbox 700 761 753 830; x_wconf 85' lang='grc' dir='ltr'><strong><em>ὅτι</em></strong></span> <span class='ocrx_word' id='word_1_39' title='bbox 776 764 894 850; x_wconf 89' lang='grc' dir='ltr'><strong><em>φῦσεις</em></strong></span> <span class='ocrx_word' id='word_1_40' title='bbox 915 769 1002 842; x_wconf 89' lang='grc' dir='ltr'><strong><em>τινές</em></strong></span> <span class='ocrx_word' id='word_1_41' title='bbox 1018 769 1104 832; x_wconf 79' lang='grc' dir='ltr'><strong><em>εἰσιν</em></strong></span> <span class='ocrx_word' id='word_1_42' title='bbox 1120 763 1232 851; x_wconf 84' lang='grc' dir='ltr'><strong><em>ῶσπερ</em></strong></span> 
     </span>
     <span class='ocr_line' id='line_1_6' title="bbox 135 866 1233 958; baseline 0.008 -31"><span class='ocrx_word' id='word_1_43' title='bbox 135 866 199 932; x_wconf 79' lang='grc' dir='ltr'><strong><em>τέν</em></strong></span> <span class='ocrx_word' id='word_1_44' title='bbox 221 870 374 954; x_wconf 89' lang='grc' dir='ltr'><strong><em>μεθορίῳ</em></strong></span> <span class='ocrx_word' id='word_1_45' title='bbox 394 870 485 935; x_wconf 86' lang='grc' dir='ltr'><strong><em>θεῶν</em></strong></span> <span class='ocrx_word' id='word_1_46' title='bbox 507 869 563 932; x_wconf 85' lang='grc' dir='ltr'><strong><em>καὶ</em></strong></span> <span class='ocrx_word' id='word_1_47' title='bbox 586 866 790 954; x_wconf 77' lang='grc' dir='ltr'><strong><em>ἀνθρώπων,</em></strong></span> <span class='ocrx_word' id='word_1_48' title='bbox 814 868 990 955; x_wconf 82' lang='grc' dir='ltr'><strong><em>δεχόμεναι</em></strong></span> <span class='ocrx_word' id='word_1_49' title='bbox 1007 867 1105 957; x_wconf 91' lang='grc' dir='ltr'><strong><em>πάθη</em></strong></span> <span class='ocrx_word' id='word_1_50' title='bbox 1121 874 1233 958; x_wconf 89' lang='grc' dir='ltr'><strong><em>θνητά</em></strong></span> 
     </span>
     <span class='ocr_line' id='line_1_7' title="bbox 163 969 1233 1058; baseline 0.004 -24"><span class='ocrx_word' id='word_1_51' title='bbox 163 973 221 1034; x_wconf 79' lang='grc' dir='ltr'><strong><em>καί</em></strong></span> <span class='ocrx_word' id='word_1_52' title='bbox 243 971 429 1055; x_wconf 74' lang='grc' dir='ltr'><strong><em>μεταβολάς</em></strong></span> <span class='ocrx_word' id='word_1_53' title='bbox 452 969 645 1053; x_wconf 91' lang='grc' dir='ltr'><strong><em>ἀναγκαίας,</em></strong></span> <span class='ocrx_word' id='word_1_54' title='bbox 669 969 726 1048; x_wconf 89' lang='grc' dir='ltr'><strong><em>οῦς</em></strong></span> <span class='ocrx_word' id='word_1_55' title='bbox 748 973 911 1058; x_wconf 91' lang='grc' dir='ltr'><strong><em>δαίμονας</em></strong></span> <span class='ocrx_word' id='word_1_56' title='bbox 933 971 1044 1057; x_wconf 79' lang='grc' dir='ltr'><strong><em>ὀρθῶς</em></strong></span> <span class='ocrx_word' id='word_1_57' title='bbox 1066 975 1233 1057; x_wconf 75' lang='grc' dir='ltr'><strong><em>ἔχεικατὰ</em></strong></span> 
     </span>
     <span class='ocr_line' id='line_1_8' title="bbox 162 1072 1189 1161; baseline 0.003 -22"><span class='ocrx_word' id='word_1_58' title='bbox 162 1072 267 1158; x_wconf 84' lang='grc' dir='ltr'><strong><em>νόμον</em></strong></span> <span class='ocrx_word' id='word_1_59' title='bbox 288 1079 441 1158; x_wconf 83' lang='grc' dir='ltr'><strong><em>πατέρων</em></strong></span> <span class='ocrx_word' id='word_1_60' title='bbox 463 1073 663 1161; x_wconf 76' lang='grc' dir='ltr'><strong><em>ἡγουμένους</em></strong></span> <span class='ocrx_word' id='word_1_61' title='bbox 684 1075 741 1140; x_wconf 83' lang='grc' dir='ltr'><strong><em>καὶ</em></strong></span> <span class='ocrx_word' id='word_1_62' title='bbox 764 1074 985 1161; x_wconf 83' lang='grc' dir='ltr'><strong><em>ὀνομάζοντας</em></strong></span> <span class='ocrx_word' id='word_1_63' title='bbox 1005 1081 1189 1161; x_wconf 61' lang='grc' dir='ltr'><strong><em>σέβεσθαι)</em></strong></span> 
     </span>
     <span class='ocr_line' id='line_1_9' title="bbox 253 1177 1232 1267; baseline 0.007 -27"><span class='ocrx_word' id='word_1_64' title='bbox 253 1180 301 1242; x_wconf 87' lang='grc'><strong><em>13.</em></strong></span> <span class='ocrx_word' id='word_1_65' title='bbox 337 1178 568 1264; x_wconf 74' lang='grc' dir='ltr'><strong><em>ιΠαράδειγμα</em></strong></span> <span class='ocrx_word' id='word_1_66' title='bbox 589 1179 627 1244; x_wconf 80' lang='grc' dir='ltr'><strong><em>δὲ</em></strong></span> <span class='ocrx_word' id='word_1_67' title='bbox 649 1181 694 1266; x_wconf 79' lang='grc' dir='ltr'><strong><em>τῷ</em></strong></span> <span class='ocrx_word' id='word_1_68' title='bbox 709 1177 795 1265; x_wconf 87' lang='grc' dir='ltr'><strong><em>λόγῳ</em></strong></span> <span class='ocrx_word' id='word_1_69' title='bbox 812 1179 1015 1266; x_wconf 84' lang='grc' dir='ltr'><strong><em>Ξενοκράτης</em></strong></span> <span class='ocrx_word' id='word_1_70' title='bbox 1029 1182 1090 1267; x_wconf 78' lang='grc' dir='ltr'><strong><em>μὲν</em></strong></span> <span class='ocrx_word' id='word_1_71' title='bbox 1106 1179 1125 1247; x_wconf 83' lang='grc' dir='ltr'><strong><em>δ</em></strong></span> <span class='ocrx_word' id='word_1_72' title='bbox 1142 1181 1232 1246; x_wconf 88' lang='grc' dir='ltr'><strong><em>Πλά-</em></strong></span> 
     </span>
     <span class='ocr_line' id='line_1_10' title="bbox 162 1279 1234 1371; baseline 0.005 -26"><span class='ocrx_word' id='word_1_73' title='bbox 162 1304 268 1356; x_wconf 88' lang='grc' dir='ltr'><strong><em>τωνος</em></strong></span> <span class='ocrx_word' id='word_1_74' title='bbox 300 1279 430 1366; x_wconf 73' lang='grc' dir='ltr'><strong><em>ἑταῖρος</em></strong></span> <span class='ocrx_word' id='word_1_75' title='bbox 462 1280 645 1368; x_wconf 73' lang='grc' dir='ltr'><strong><em>ἐποιήσατο</em></strong></span> <span class='ocrx_word' id='word_1_76' title='bbox 679 1282 716 1347; x_wconf 85' lang='grc' dir='ltr'><strong><em>τὸ</em></strong></span> <span class='ocrx_word' id='word_1_77' title='bbox 747 1285 812 1348; x_wconf 88' lang='grc' dir='ltr'><strong><em>τῶν</em></strong></span> <span class='ocrx_word' id='word_1_78' title='bbox 844 1281 1022 1368; x_wconf 77' lang='grc' dir='ltr'><strong><em>τριγώνων,</em></strong></span> <span class='ocrx_word' id='word_1_79' title='bbox 1053 1289 1141 1371; x_wconf 89' lang='grc' dir='ltr'><strong><em>θείῳ</em></strong></span> <span class='ocrx_word' id='word_1_80' title='bbox 1173 1286 1234 1370; x_wconf 80' lang='grc' dir='ltr'><strong><em>μὲν</em></strong></span> 
     </span>
     <span class='ocr_line' id='line_1_11' title="bbox 125 1381 1278 1473; baseline 0.004 -25"><span class='ocrx_word' id='word_1_81' title='bbox 125 1409 150 1449; x_wconf 88' lang='lat'><strong><em>10</em></strong></span> <span class='ocrx_word' id='word_1_82' title='bbox 164 1381 353 1462; x_wconf 76' lang='grc' dir='ltr'><strong><em>ἀπεικάσας</em></strong></span> <span class='ocrx_word' id='word_1_83' title='bbox 381 1386 419 1450; x_wconf 85' lang='grc' dir='ltr'><strong><em>τὸ</em></strong></span> <span class='ocrx_word' id='word_1_84' title='bbox 451 1383 650 1470; x_wconf 78' lang='grc' dir='ltr'><strong><em>ἰσόπλευρον</em></strong></span> <span class='ocrx_word' id='word_1_85' title='bbox 677 1388 789 1472; x_wconf 76' lang='grc' dir='ltr'><strong><em>θνητῷ</em></strong></span> <span class='ocrx_word' id='word_1_86' title='bbox 816 1387 854 1452; x_wconf 80' lang='grc' dir='ltr'><strong><em>δέ</em></strong></span> <span class='ocrx_word' id='word_1_87' title='bbox 881 1388 917 1453; x_wconf 88' lang='grc' dir='ltr'><strong><em>τδ</em></strong></span> <span class='ocrx_word' id='word_1_88' title='bbox 949 1387 1110 1473; x_wconf 85' lang='grc' dir='ltr'><strong><em>σκαληνὸν</em></strong></span> <span class='ocrx_word' id='word_1_89' title='bbox 1138 1389 1175 1454; x_wconf 87' lang='grc' dir='ltr'><strong><em>τδ</em></strong></span> <span class='ocrx_word' id='word_1_90' title='bbox 1199 1388 1234 1452; x_wconf 81' lang='grc' dir='ltr'><strong><em>δ’</em></strong></span> <span class='ocrx_word' id='word_1_91' title='bbox 1252 1404 1278 1453; x_wconf 89' lang='lat' dir='ltr'>D</span> 
     </span>
     <span class='ocr_line' id='line_1_12' title="bbox 165 1486 1235 1577; baseline 0.005 -24"><span class='ocrx_word' id='word_1_92' title='bbox 165 1486 333 1565; x_wconf 76' lang='grc' dir='ltr'><strong><em>ἰσοσκελὲς</em></strong></span> <span class='ocrx_word' id='word_1_93' title='bbox 354 1489 534 1577; x_wconf 89' lang='grc' dir='ltr'><strong><em>δαιμονίῳ·</em></strong></span> <span class='ocrx_word' id='word_1_94' title='bbox 557 1491 594 1556; x_wconf 82' lang='grc' dir='ltr'><strong><em>τὸ</em></strong></span> <span class='ocrx_word' id='word_1_95' title='bbox 615 1491 676 1572; x_wconf 79' lang='grc' dir='ltr'><strong><em>μὲν</em></strong></span> <span class='ocrx_word' id='word_1_96' title='bbox 698 1494 760 1576; x_wconf 84' lang='grc' dir='ltr'><strong><em>γάρ</em></strong></span> <span class='ocrx_word' id='word_1_97' title='bbox 783 1495 859 1557; x_wconf 90' lang='grc' dir='ltr'><strong><em>’ίσον</em></strong></span> <span class='ocrx_word' id='word_1_98' title='bbox 880 1491 989 1577; x_wconf 87' lang='grc' dir='ltr'><strong><em>πάντη</em></strong></span> <span class='ocrx_word' id='word_1_99' title='bbox 1012 1489 1049 1557; x_wconf 89' lang='grc' dir='ltr'><em>τό</em></span> <span class='ocrx_word' id='word_1_100' title='bbox 1065 1493 1100 1557; x_wconf 83' lang='grc' dir='ltr'><strong><em>δ’</em></strong></span> <span class='ocrx_word' id='word_1_101' title='bbox 1116 1492 1235 1558; x_wconf 81' lang='grc' dir='ltr'><strong><em>ἄνισον</em></strong></span> 
     </span>
     <span class='ocr_line' id='line_1_13' title="bbox 164 1589 1234 1682; baseline 0.006 -26"><span class='ocrx_word' id='word_1_102' title='bbox 164 1590 287 1680; x_wconf 83' lang='grc' dir='ltr'><strong><em>πάντῃ,</em></strong></span> <span class='ocrx_word' id='word_1_103' title='bbox 317 1595 354 1658; x_wconf 84' lang='grc' dir='ltr'><strong><em>τὸ</em></strong></span> <span class='ocrx_word' id='word_1_104' title='bbox 378 1589 416 1659; x_wconf 82' lang='grc' dir='ltr'><strong><em>δέ</em></strong></span> <span class='ocrx_word' id='word_1_105' title='bbox 437 1597 485 1680; x_wconf 85' lang='grc' dir='ltr'><strong><em>πή</em></strong></span> <span class='ocrx_word' id='word_1_106' title='bbox 507 1594 568 1677; x_wconf 82' lang='grc' dir='ltr'><strong><em>μὲν</em></strong></span> <span class='ocrx_word' id='word_1_107' title='bbox 590 1598 666 1661; x_wconf 80' lang='grc' dir='ltr'><strong><em>ἴσον</em></strong></span> <span class='ocrx_word' id='word_1_108' title='bbox 687 1594 739 1681; x_wconf 91' lang='grc' dir='ltr'><strong><em>πή</em></strong></span> <span class='ocrx_word' id='word_1_109' title='bbox 760 1596 795 1661; x_wconf 83' lang='grc' dir='ltr'><strong><em>δ’</em></strong></span> <span class='ocrx_word' id='word_1_110' title='bbox 819 1594 947 1673; x_wconf 87' lang='grc' dir='ltr'><strong><em>ἄνισον,</em></strong></span> <span class='ocrx_word' id='word_1_111' title='bbox 983 1591 1095 1682; x_wconf 85' lang='grc' dir='ltr'><strong><em>ῶσπερ</em></strong></span> <span class='ocrx_word' id='word_1_112' title='bbox 1117 1595 1136 1681; x_wconf 85' lang='grc' dir='ltr'><em>ἡ</em></span> <span class='ocrx_word' id='word_1_113' title='bbox 1161 1597 1234 1662; x_wconf 90' lang='grc' dir='ltr'><strong><em>δαι-</em></strong></span> 
     </span>
     <span class='ocr_line' id='line_1_14' title="bbox 163 1694 1233 1785; baseline 0.002 -23"><span class='ocrx_word' id='word_1_114' title='bbox 163 1695 277 1778; x_wconf 85' lang='grc' dir='ltr'><strong><em>μόνων</em></strong></span> <span class='ocrx_word' id='word_1_115' title='bbox 298 1694 399 1782; x_wconf 89' lang='grc' dir='ltr'><strong><em>φῦσις</em></strong></span> <span class='ocrx_word' id='word_1_116' title='bbox 420 1696 542 1778; x_wconf 83' lang='grc' dir='ltr'><strong><em>ἔχουσα</em></strong></span> <span class='ocrx_word' id='word_1_117' title='bbox 564 1699 620 1762; x_wconf 83' lang='grc' dir='ltr'><strong><em>καὶ</em></strong></span> <span class='ocrx_word' id='word_1_118' title='bbox 636 1694 753 1775; x_wconf 87' lang='grc' dir='ltr'><strong><em>πάθος</em></strong></span> <span class='ocrx_word' id='word_1_119' title='bbox 767 1701 895 1785; x_wconf 81' lang='grc' dir='ltr'><strong><em>θνητοῦ</em></strong></span> <span class='ocrx_word' id='word_1_120' title='bbox 910 1699 966 1763; x_wconf 77' lang='grc' dir='ltr'><strong><em>καί</em></strong></span> <span class='ocrx_word' id='word_1_121' title='bbox 982 1701 1067 1765; x_wconf 85' lang='grc' dir='ltr'><strong><em>θεοῦ</em></strong></span> <span class='ocrx_word' id='word_1_122' title='bbox 1082 1698 1233 1785; x_wconf 80' lang='grc' dir='ltr'><strong><em>δύναμιν.</em></strong></span> 
     </span>
     <span class='ocr_line' id='line_1_15' title="bbox 164 1787 1234 1888; baseline 0.004 -25"><span class='ocrx_word' id='word_1_123' title='bbox 164 1787 186 1884; x_wconf 89' lang='grc' dir='ltr'><strong><em>ή</em></strong></span> <span class='ocrx_word' id='word_1_124' title='bbox 219 1798 258 1864; x_wconf 81' lang='grc' dir='ltr'><strong><em>δέ</em></strong></span> <span class='ocrx_word' id='word_1_125' title='bbox 287 1798 388 1885; x_wconf 89' lang='grc' dir='ltr'><strong><em>φῦσις</em></strong></span> <span class='ocrx_word' id='word_1_126' title='bbox 421 1801 590 1886; x_wconf 73' lang='grc' dir='ltr'><strong><em>αἰσθητάς</em></strong></span> <span class='ocrx_word' id='word_1_127' title='bbox 617 1802 747 1878; x_wconf 83' lang='grc' dir='ltr'><strong><em>ελκόνοις</em></strong></span> <span class='ocrx_word' id='word_1_128' title='bbox 776 1802 913 1888; x_wconf 79' lang='grc' dir='ltr'><strong><em>ἐξέθηκε</em></strong></span> <span class='ocrx_word' id='word_1_129' title='bbox 940 1803 995 1866; x_wconf 84' lang='grc' dir='ltr'><strong><em>καὶ</em></strong></span> <span class='ocrx_word' id='word_1_130' title='bbox 1024 1800 1234 1888; x_wconf 82' lang='grc' dir='ltr'><strong><em>ὁμοιότητας,</em></strong></span> 
     </span>
     <span class='ocr_line' id='line_1_16' title="bbox 127 1902 1234 1991; baseline 0.001 -22"><span class='ocrx_word' id='word_1_131' title='bbox 127 1933 151 1970; x_wconf 77' lang='grc' dir='ltr'><strong><em>ιε</em></strong></span> <span class='ocrx_word' id='word_1_132' title='bbox 164 1903 280 1989; x_wconf 86' lang='grc' dir='ltr'><strong><em>φορῶν</em></strong></span> <span class='ocrx_word' id='word_1_133' title='bbox 307 1903 368 1987; x_wconf 80' lang='grc' dir='ltr'><strong><em>μέν</em></strong></span> <span class='ocrx_word' id='word_1_134' title='bbox 393 1907 502 1970; x_wconf 84' lang='grc' dir='ltr'><strong><em>θείων</em></strong></span> <span class='ocrx_word' id='word_1_135' title='bbox 528 1908 553 1985; x_wconf 91' lang='lat'>†</span> <span class='ocrx_word' id='word_1_136' title='bbox 579 1904 622 1981; x_wconf 85' lang='grc' dir='ltr'><strong><em>ῶς</em></strong></span> <span class='ocrx_word' id='word_1_137' title='bbox 649 1909 674 1986; x_wconf 90' lang='lat'>†</span> <span class='ocrx_word' id='word_1_138' title='bbox 701 1902 794 1990; x_wconf 86' lang='grc' dir='ltr'><strong><em>ήλιον</em></strong></span> <span class='ocrx_word' id='word_1_139' title='bbox 820 1907 876 1970; x_wconf 82' lang='grc' dir='ltr'><strong><em>καὶ</em></strong></span> <span class='ocrx_word' id='word_1_140' title='bbox 905 1903 1010 1991; x_wconf 83' lang='grc' dir='ltr'><strong><em>ἄστρα</em></strong></span> <span class='ocrx_word' id='word_1_141' title='bbox 1036 1907 1170 1991; x_wconf 83' lang='grc' dir='ltr'><strong><em>θνητῶν</em></strong></span> <span class='ocrx_word' id='word_1_142' title='bbox 1197 1906 1234 1971; x_wconf 80' lang='grc' dir='ltr'><strong><em>δὲ</em></strong></span> 
     </span>
     <span class='ocr_line' id='line_1_17' title="bbox 165 2004 1235 2094; baseline 0.005 -24"><span class='ocrx_word' id='word_1_143' title='bbox 165 2005 247 2071; x_wconf 93' lang='grc' dir='ltr'><strong><em>σέλα</em></strong></span> <span class='ocrx_word' id='word_1_144' title='bbox 270 2006 327 2070; x_wconf 78' lang='grc' dir='ltr'><strong><em>καί</em></strong></span> <span class='ocrx_word' id='word_1_145' title='bbox 348 2004 491 2093; x_wconf 79' lang='grc' dir='ltr'><strong><em>κομήτας</em></strong></span> <span class='ocrx_word' id='word_1_146' title='bbox 512 2007 570 2072; x_wconf 78' lang='grc' dir='ltr'><strong><em>καὶ</em></strong></span> <span class='ocrx_word' id='word_1_147' title='bbox 592 2008 798 2089; x_wconf 78' lang='grc' dir='ltr'><strong><em>διᾴττοντας,</em></strong></span> <span class='ocrx_word' id='word_1_148' title='bbox 829 2006 871 2085; x_wconf 83' lang='grc' dir='ltr'><strong><em>ῶς</em></strong></span> <span class='ocrx_word' id='word_1_149' title='bbox 893 2007 1081 2094; x_wconf 81' lang='grc' dir='ltr'><strong><em>Εὐριπίδης</em></strong></span> <span class='ocrx_word' id='word_1_150' title='bbox 1103 2013 1235 2075; x_wconf 87' lang='grc' dir='ltr'><strong><em>είκασεν</em></strong></span> 
     </span>
     <span class='ocr_line' id='line_1_18' title="bbox 165 2108 548 2186; baseline 0.026 -14"><span class='ocrx_word' id='word_1_151' title='bbox 165 2108 201 2175; x_wconf 83' lang='grc' dir='ltr'><strong><em>έν</em></strong></span> <span class='ocrx_word' id='word_1_152' title='bbox 224 2109 276 2186; x_wconf 87' lang='grc' dir='ltr'><strong><em>οίς</em></strong></span> <span class='ocrx_word' id='word_1_153' title='bbox 298 2111 393 2176; x_wconf 75' lang='grc' dir='ltr'><strong><em>εἶπεν</em></strong></span> <span class='ocrx_word' id='word_1_154' title='bbox 414 2127 548 2182; x_wconf 57' lang='lat' dir='ltr'><strong>(ussus)</strong></span> 
     </span>
     <span class='ocr_line' id='line_1_19' title="bbox 311 2210 1099 2301; baseline 0.001 -22"><span class='ocrx_word' id='word_1_155' title='bbox 311 2210 345 2279; x_wconf 76' lang='grc' dir='ltr'><strong><em>ιδ</em></strong></span> <span class='ocrx_word' id='word_1_156' title='bbox 367 2213 404 2278; x_wconf 82' lang='grc' dir='ltr'><strong><em>δ’</em></strong></span> <span class='ocrx_word' id='word_1_157' title='bbox 425 2212 502 2299; x_wconf 85' lang='grc' dir='ltr'><strong><em>ἄρτι</em></strong></span> <span class='ocrx_word' id='word_1_158' title='bbox 524 2212 663 2282; x_wconf 84' lang='grc' dir='ltr'><strong><em>θάλλων</em></strong></span> <span class='ocrx_word' id='word_1_159' title='bbox 685 2213 803 2301; x_wconf 84' lang='grc' dir='ltr'><strong><em>σάρκα,</em></strong></span> <span class='ocrx_word' id='word_1_160' title='bbox 827 2216 985 2301; x_wconf 79' lang='grc' dir='ltr'><strong><em>διοπετὴς</em></strong></span> <span class='ocrx_word' id='word_1_161' title='bbox 1008 2211 1099 2291; x_wconf 84' lang='grc' dir='ltr'><strong><em>ὅπως</em></strong></span> 
     </span>
     <span class='ocr_line' id='line_1_20' title="bbox 312 2313 1066 2406; baseline 0 -25"><span class='ocrx_word' id='word_1_162' title='bbox 312 2313 413 2402; x_wconf 89' lang='grc' dir='ltr'><strong><em>ἀστήρ</em></strong></span> <span class='ocrx_word' id='word_1_163' title='bbox 436 2315 581 2402; x_wconf 79' lang='grc' dir='ltr'><strong><em>ἀπέσβη,</em></strong></span> <span class='ocrx_word' id='word_1_164' title='bbox 604 2320 723 2404; x_wconf 81' lang='grc' dir='ltr'><strong><em>πνεῦμ’</em></strong></span> <span class='ocrx_word' id='word_1_165' title='bbox 746 2317 842 2406; x_wconf 84' lang='grc' dir='ltr'><strong><em>ἀφεὶς</em></strong></span> <span class='ocrx_word' id='word_1_166' title='bbox 865 2319 898 2395; x_wconf 84' lang='grc' dir='ltr'><strong><em>ές</em></strong></span> <span class='ocrx_word' id='word_1_167' title='bbox 920 2320 1066 2403; x_wconf 62' lang='grc' dir='ltr'><strong><em>αἰθέρα]</em></strong></span> 
     </span>
     <span class='ocr_line' id='line_1_21' title="bbox 130 2418 1276 2509; baseline 0.01 -32"><span class='ocrx_word' id='word_1_168' title='bbox 130 2441 153 2478; x_wconf 78' lang='grc' dir='ltr'><strong><em>το</em></strong></span> <span class='ocrx_word' id='word_1_169' title='bbox 165 2418 284 2502; x_wconf 84' lang='grc' dir='ltr'><strong><em>μικτὸν</em></strong></span> <span class='ocrx_word' id='word_1_170' title='bbox 306 2420 344 2485; x_wconf 77' lang='grc' dir='ltr'><strong><em>δέ</em></strong></span> <span class='ocrx_word' id='word_1_171' title='bbox 365 2421 461 2505; x_wconf 87' lang='grc' dir='ltr'><strong><em>σῶμα</em></strong></span> <span class='ocrx_word' id='word_1_172' title='bbox 480 2422 536 2485; x_wconf 84' lang='grc' dir='ltr'><strong><em>καὶ</em></strong></span> <span class='ocrx_word' id='word_1_173' title='bbox 556 2425 688 2508; x_wconf 90' lang='grc' dir='ltr'><strong><em>μίμημα</em></strong></span> <span class='ocrx_word' id='word_1_174' title='bbox 703 2421 880 2508; x_wconf 83' lang='grc' dir='ltr'><strong><em>δαιμόνιον</em></strong></span> <span class='ocrx_word' id='word_1_175' title='bbox 895 2421 995 2498; x_wconf 85' lang='grc' dir='ltr'><strong><em>ὄντως</em></strong></span> <span class='ocrx_word' id='word_1_176' title='bbox 1010 2423 1069 2509; x_wconf 89' lang='grc' dir='ltr'><strong><em>τήν</em></strong></span> <span class='ocrx_word' id='word_1_177' title='bbox 1084 2419 1233 2508; x_wconf 89' lang='grc' dir='ltr'><strong><em>σελήνην,</em></strong></span> <span class='ocrx_word' id='word_1_178' title='bbox 1254 2443 1276 2495; x_wconf 73' lang='grc' dir='ltr'>Ε</span> 
     </span>
     <span class='ocr_line' id='line_1_22' title="bbox 165 2522 1237 2616; baseline 0.003 -29"><span class='ocrx_word' id='word_1_179' title='bbox 165 2526 213 2610; x_wconf 79' lang='grc' dir='ltr'><strong><em>τῷ</em></strong></span> <span class='ocrx_word' id='word_1_180' title='bbox 245 2524 285 2616; x_wconf 84' lang='grc' dir='ltr'><strong><em>τή</em></strong></span> <span class='ocrx_word' id='word_1_181' title='bbox 316 2522 434 2590; x_wconf 90' lang='grc' dir='ltr'><strong><em>τοῦτου</em></strong></span> <span class='ocrx_word' id='word_1_182' title='bbox 466 2526 526 2591; x_wconf 90' lang='grc' dir='ltr'><strong><em>τοῦ</em></strong></span> <span class='ocrx_word' id='word_1_183' title='bbox 557 2529 672 2607; x_wconf 84' lang='grc' dir='ltr'><strong><em>γένους</em></strong></span> <span class='ocrx_word' id='word_1_184' title='bbox 704 2526 861 2608; x_wconf 80' lang='grc' dir='ltr'><strong><em>συνᾴδειν</em></strong></span> <span class='ocrx_word' id='word_1_185' title='bbox 892 2529 1062 2613; x_wconf 80' lang='grc' dir='ltr'><strong><em>περιφορᾷ</em></strong></span> <span class='ocrx_word' id='word_1_186' title='bbox 1094 2530 1237 2613; x_wconf 80' lang='grc' dir='ltr'><strong><em>φθίσεις</em></strong></span> 
     </span>
     <span class='ocr_line' id='line_1_23' title="bbox 167 2628 1236 2716; baseline 0.002 -24"><span class='ocrx_word' id='word_1_187' title='bbox 167 2633 191 2709; x_wconf 90' lang='lat'>†</span> <span class='ocrx_word' id='word_1_188' title='bbox 214 2631 419 2714; x_wconf 61' lang='lat' dir='ltr'><strong><em>cancupisces</em></strong></span> <span class='ocrx_word' id='word_1_189' title='bbox 440 2633 465 2710; x_wconf 90' lang='lat'>†</span> <span class='ocrx_word' id='word_1_190' title='bbox 487 2629 666 2716; x_wconf 89' lang='grc' dir='ltr'><strong><em>δεχομένην</em></strong></span> <span class='ocrx_word' id='word_1_191' title='bbox 695 2631 752 2695; x_wconf 79' lang='grc' dir='ltr'><strong><em>καὶ</em></strong></span> <span class='ocrx_word' id='word_1_192' title='bbox 779 2628 937 2716; x_wconf 78' lang='grc' dir='ltr'><strong><em>αὐξήσεις</em></strong></span> <span class='ocrx_word' id='word_1_193' title='bbox 959 2631 1015 2694; x_wconf 82' lang='grc' dir='ltr'><strong><em>καὶ</em></strong></span> <span class='ocrx_word' id='word_1_194' title='bbox 1038 2629 1236 2715; x_wconf 79' lang='grc' dir='ltr'><strong><em>μεταβολάς,</em></strong></span> 
     </span>
     <span class='ocr_line' id='line_1_24' title="bbox 168 2728 1238 2820; baseline -0.001 -22"><span class='ocrx_word' id='word_1_195' title='bbox 168 2728 317 2819; x_wconf 84' lang='grc' dir='ltr'><strong><em>δρῶντες,</em></strong></span> <span class='ocrx_word' id='word_1_196' title='bbox 341 2731 373 2798; x_wconf 75' lang='grc' dir='ltr'><strong><em>οἳ</em></strong></span> <span class='ocrx_word' id='word_1_197' title='bbox 396 2733 456 2818; x_wconf 79' lang='grc' dir='ltr'><strong><em>μὲν</em></strong></span> <span class='ocrx_word' id='word_1_198' title='bbox 478 2732 599 2820; x_wconf 88' lang='grc' dir='ltr'><strong><em>ἀστρον</em></strong></span> <span class='ocrx_word' id='word_1_199' title='bbox 621 2735 741 2815; x_wconf 78' lang='grc' dir='ltr'><strong><em>γεῶδες</em></strong></span> <span class='ocrx_word' id='word_1_200' title='bbox 763 2733 797 2800; x_wconf 77' lang='grc' dir='ltr'><strong><em>οἱ</em></strong></span> <span class='ocrx_word' id='word_1_201' title='bbox 820 2735 853 2799; x_wconf 88' lang='grc' dir='ltr'><strong><em>δ’</em></strong></span> <span class='ocrx_word' id='word_1_202' title='bbox 876 2728 1048 2819; x_wconf 79' lang='grc' dir='ltr'><strong><em>ὀλυμπίαν</em></strong></span> <span class='ocrx_word' id='word_1_203' title='bbox 1069 2736 1129 2820; x_wconf 90' lang='grc' dir='ltr'><strong><em>γήν</em></strong></span> <span class='ocrx_word' id='word_1_204' title='bbox 1151 2732 1185 2798; x_wconf 81' lang='grc' dir='ltr'><strong><em>οί</em></strong></span> <span class='ocrx_word' id='word_1_205' title='bbox 1201 2733 1238 2798; x_wconf 81' lang='grc' dir='ltr'><strong><em>δὲ</em></strong></span> 
     </span>
     <span class='ocr_line' id='line_1_25' title="bbox 168 2832 1237 2925; baseline -0.001 -24"><span class='ocrx_word' id='word_1_206' title='bbox 168 2840 311 2918; x_wconf 84' lang='grc' dir='ltr'><strong><em>χθονίας</em></strong></span> <span class='ocrx_word' id='word_1_207' title='bbox 344 2835 428 2923; x_wconf 82' lang='grc' dir='ltr'><strong><em>ῦμοῦ</em></strong></span> <span class='ocrx_word' id='word_1_208' title='bbox 461 2839 518 2904; x_wconf 78' lang='grc' dir='ltr'><strong><em>καί</em></strong></span> <span class='ocrx_word' id='word_1_209' title='bbox 552 2836 708 2924; x_wconf 88' lang='grc' dir='ltr'><strong><em>οῦρανίας</em></strong></span> <span class='ocrx_word' id='word_1_210' title='bbox 735 2838 853 2925; x_wconf 88' lang='grc' dir='ltr'><strong><em>κλήρον</em></strong></span> <span class='ocrx_word' id='word_1_211' title='bbox 877 2832 1012 2924; x_wconf 78' lang='grc' dir='ltr'><strong><em>Ἑκάτης</em></strong></span> <span class='ocrx_word' id='word_1_212' title='bbox 1039 2847 1237 2921; x_wconf 78' lang='grc' dir='ltr'><strong><em>προσεῖπον.</em></strong></span> 
     </span>
     <span class='ocr_line' id='line_1_26' title="bbox 131 2937 1238 3028; baseline 0.003 -27"><span class='ocrx_word' id='word_1_213' title='bbox 131 2937 283 3026; x_wconf 79' lang='grc' dir='ltr'><strong><em>πῶσπερ</em></strong></span> <span class='ocrx_word' id='word_1_214' title='bbox 314 2937 373 3007; x_wconf 88' lang='grc' dir='ltr'><strong><em>οῦν</em></strong></span> <span class='ocrx_word' id='word_1_215' title='bbox 402 2944 433 3007; x_wconf 78' lang='grc' dir='ltr'><strong><em>εἰ</em></strong></span> <span class='ocrx_word' id='word_1_216' title='bbox 464 2944 522 3009; x_wconf 83' lang='grc' dir='ltr'><strong><em>τὸν</em></strong></span> <span class='ocrx_word' id='word_1_217' title='bbox 555 2940 636 3028; x_wconf 91' lang='grc' dir='ltr'><strong><em>ἀέρα</em></strong></span> <span class='ocrx_word' id='word_1_218' title='bbox 657 2968 709 3020; x_wconf 91' lang='grc' dir='ltr'><strong><em>τις</em></strong></span> <span class='ocrx_word' id='word_1_219' title='bbox 731 2942 845 3009; x_wconf 86' lang='grc' dir='ltr'><strong><em>ἀνέλοι</em></strong></span> <span class='ocrx_word' id='word_1_220' title='bbox 867 2943 925 3007; x_wconf 84' lang='grc' dir='ltr'><strong><em>καὶ</em></strong></span> <span class='ocrx_word' id='word_1_221' title='bbox 948 2938 1159 3007; x_wconf 87' lang='grc' dir='ltr'><strong><em>ῦποσπάσειε</em></strong></span> <span class='ocrx_word' id='word_1_222' title='bbox 1180 2939 1238 3005; x_wconf 81' lang='grc' dir='ltr'><strong><em>τὸν</em></strong></span> 
     </span>
    </p>
   </div>
   <div class='ocr_carea' id='block_1_4' title="bbox 169 3215 1240 4183">
    <p class='ocr_par' dir='ltr' id='par_1_4' title="bbox 169 3215 1240 4183">
     <span class='ocr_line' id='line_1_27' title="bbox 258 3215 1238 3309; baseline -0.002 -35"><span class='ocrx_word' id='word_1_223' title='bbox 258 3224 270 3274; x_wconf 93' lang='grc'>1</span> <span class='ocrx_word' id='word_1_224' title='bbox 290 3215 420 3294; x_wconf 78' lang='grc' dir='ltr'><strong><em>ὁχρόνος</em></strong></span> <span class='ocrx_word' id='word_1_225' title='bbox 438 3216 510 3296; x_wconf 77' lang='grc' dir='ltr'><strong><em>ή-.</em></strong></span> <span class='ocrx_word' id='word_1_226' title='bbox 540 3216 589 3275; x_wconf 85' lang='lat' dir='ltr'><strong><em>Hic</em></strong></span> <span class='ocrx_word' id='word_1_227' title='bbox 608 3217 724 3309; x_wconf 53' lang='lat' dir='ltr'><strong><em>cuulicit</em></strong></span> <span class='ocrx_word' id='word_1_228' title='bbox 735 3218 768 3287; x_wconf 89' lang='lat' dir='ltr'><strong><em>V,</em></strong></span> <span class='ocrx_word' id='word_1_229' title='bbox 786 3215 885 3289; x_wconf 83' lang='lat' dir='ltr'><strong>incipit</strong></span> <span class='ocrx_word' id='word_1_230' title='bbox 901 3231 920 3272; x_wconf 90' lang='lat' dir='ltr'>v</span> <span class='ocrx_word' id='word_1_231' title='bbox 942 3222 951 3292; x_wconf 75' lang='grc' dir='ltr'><strong><em>η</em></strong></span> <span class='ocrx_word' id='word_1_232' title='bbox 971 3219 989 3296; x_wconf 75' lang='grc' dir='ltr'><em>ᾗ</em></span> <span class='ocrx_word' id='word_1_233' title='bbox 1007 3216 1059 3275; x_wconf 76' lang='grc' dir='ltr'><strong><em>κέν</em></strong></span> <span class='ocrx_word' id='word_1_234' title='bbox 1076 3220 1110 3274; x_wconf 74' lang='grc' dir='ltr'><strong><em>ἐκ.</em></strong></span> <span class='ocrx_word' id='word_1_235' title='bbox 1123 3217 1181 3285; x_wconf 74' lang='grc' dir='ltr'><strong><em>κᾶν]</em></strong></span> <span class='ocrx_word' id='word_1_236' title='bbox 1200 3223 1238 3272; x_wconf 79' lang='lat' dir='ltr'><strong><em>itu</em></strong></span> 
     </span>
     <span class='ocr_line' id='line_1_28' title="bbox 169 3284 1239 3358; baseline -0.002 -15"><span class='ocrx_word' id='word_1_237' title='bbox 169 3293 242 3345; x_wconf 80' lang='lat' dir='ltr'><strong>Burb.</strong></span> <span class='ocrx_word' id='word_1_238' title='bbox 257 3291 447 3345; x_wconf 70' lang='lat' dir='ltr'><strong>AnninFVat.</strong></span> <span class='ocrx_word' id='word_1_239' title='bbox 484 3286 573 3358; x_wconf 86' lang='grc' dir='ltr'><strong><em>ήκάν</em></strong></span> <span class='ocrx_word' id='word_1_240' title='bbox 593 3289 664 3358; x_wconf 71' lang='grc' dir='ltr'><strong><em>ἕλη</em></strong></span> <span class='ocrx_word' id='word_1_241' title='bbox 686 3287 738 3343; x_wconf 84' lang='grc' dir='ltr'><strong><em>κάν</em></strong></span> <span class='ocrx_word' id='word_1_242' title='bbox 755 3293 773 3342; x_wconf 89' lang='grc' dir='ltr'><strong>Β</strong></span> <span class='ocrx_word' id='word_1_243' title='bbox 792 3295 868 3356; x_wconf 75' lang='lat' dir='ltr'><strong>(testo</strong></span> <span class='ocrx_word' id='word_1_244' title='bbox 887 3288 982 3356; x_wconf 76' lang='lat' dir='ltr'><strong>Kontc)</strong></span> <span class='ocrx_word' id='word_1_245' title='bbox 1002 3309 1026 3343; x_wconf 89' lang='lat' dir='ltr'><strong><em>v.</em></strong></span> <span class='ocrx_word' id='word_1_246' title='bbox 1062 3284 1150 3354; x_wconf 83' lang='grc' dir='ltr'><strong><em>ήκάν</em></strong></span> <span class='ocrx_word' id='word_1_247' title='bbox 1167 3284 1239 3356; x_wconf 64' lang='lat' dir='ltr'><strong><em>sni</em></strong></span> 
     </span>
     <span class='ocr_line' id='line_1_29' title="bbox 169 3354 1237 3428; baseline -0.007 -13"><span class='ocrx_word' id='word_1_248' title='bbox 169 3357 221 3415; x_wconf 83' lang='grc' dir='ltr'><strong><em>κάν</em></strong></span> <span class='ocrx_word' id='word_1_249' title='bbox 240 3361 305 3413; x_wconf 81' lang='grc' dir='ltr'><strong><em>ΑΕ.</em></strong></span> <span class='ocrx_word' id='word_1_250' title='bbox 340 3354 358 3425; x_wconf 79' lang='grc' dir='ltr'>ἥ</span> <span class='ocrx_word' id='word_1_251' title='bbox 380 3356 433 3412; x_wconf 82' lang='grc' dir='ltr'><strong><em>κάν</em></strong></span> <span class='ocrx_word' id='word_1_252' title='bbox 454 3360 489 3413; x_wconf 69' lang='lat' dir='ltr'><strong><em>ii.</em></strong></span> <span class='ocrx_word' id='word_1_253' title='bbox 512 3355 565 3414; x_wconf 81' lang='grc' dir='ltr'><strong><em>κάν</em></strong></span> <span class='ocrx_word' id='word_1_254' title='bbox 587 3360 640 3411; x_wconf 79' lang='lat' dir='ltr'><strong>Pet.</strong></span> <span class='ocrx_word' id='word_1_255' title='bbox 719 3361 735 3411; x_wconf 81' lang='lat'><em>2</em></span> <span class='ocrx_word' id='word_1_256' title='bbox 761 3358 836 3428; x_wconf 81' lang='grc' dir='ltr'><strong><em>ψυχή</em></strong></span> <span class='ocrx_word' id='word_1_257' title='bbox 858 3360 904 3410; x_wconf 79' lang='grc' dir='ltr'><strong><em>καὶ</em></strong></span> <span class='ocrx_word' id='word_1_258' title='bbox 925 3358 1014 3426; x_wconf 77' lang='grc' dir='ltr'><strong><em>ἥρωος</em></strong></span> <span class='ocrx_word' id='word_1_259' title='bbox 1032 3360 1099 3425; x_wconf 83' lang='grc' dir='ltr'><strong><em>βίος]</em></strong></span> <span class='ocrx_word' id='word_1_260' title='bbox 1123 3360 1160 3410; x_wconf 76' lang='lat' dir='ltr'><strong><em>ita</em></strong></span> <span class='ocrx_word' id='word_1_261' title='bbox 1182 3374 1237 3409; x_wconf 85' lang='lat' dir='ltr'><strong><em>cum</em></strong></span> 
     </span>
     <span class='ocr_line' id='line_1_30' title="bbox 170 3423 1239 3499; baseline -0.003 -16"><span class='ocrx_word' id='word_1_262' title='bbox 170 3430 279 3483; x_wconf 78' lang='lat' dir='ltr'><strong>Eusebio</strong></span> <span class='ocrx_word' id='word_1_263' title='bbox 298 3429 372 3480; x_wconf 83' lang='lat' dir='ltr'><strong>Burb.</strong></span> <span class='ocrx_word' id='word_1_264' title='bbox 390 3430 416 3480; x_wconf 94' lang='lat' dir='ltr'><strong><em>in</em></strong></span> <span class='ocrx_word' id='word_1_265' title='bbox 440 3445 519 3492; x_wconf 74' lang='lat' dir='ltr'><strong>marg.</strong></span> <span class='ocrx_word' id='word_1_266' title='bbox 536 3446 550 3481; x_wconf 83' lang='grc' dir='ltr'><strong><em>ο</em></strong></span> <span class='ocrx_word' id='word_1_267' title='bbox 570 3445 608 3494; x_wconf 78' lang='lat' dir='ltr'><strong><em>pr.</em></strong></span> <span class='ocrx_word' id='word_1_268' title='bbox 620 3445 652 3480; x_wconf 84' lang='lat' dir='ltr'><strong><em>nr.</em></strong></span> <span class='ocrx_word' id='word_1_269' title='bbox 688 3425 781 3496; x_wconf 80' lang='grc' dir='ltr'><strong><em>ψυχὴν</em></strong></span> <span class='ocrx_word' id='word_1_270' title='bbox 802 3431 847 3480; x_wconf 81' lang='grc' dir='ltr'><strong><em>καί</em></strong></span> <span class='ocrx_word' id='word_1_271' title='bbox 869 3423 958 3496; x_wconf 85' lang='grc' dir='ltr'><strong><em>ήρωος</em></strong></span> <span class='ocrx_word' id='word_1_272' title='bbox 976 3424 1056 3499; x_wconf 71' lang='grc' dir='ltr'><strong><em>(ἥρως</em></strong></span> <span class='ocrx_word' id='word_1_273' title='bbox 1073 3428 1157 3491; x_wconf 75' lang='lat' dir='ltr'><strong>Bari.)</strong></span> <span class='ocrx_word' id='word_1_274' title='bbox 1177 3430 1239 3492; x_wconf 76' lang='grc' dir='ltr'><strong><em>βίον</em></strong></span> 
     </span>
     <span class='ocr_line' id='line_1_31' title="bbox 171 3495 1237 3566; baseline -0.006 -15"><span class='ocrx_word' id='word_1_275' title='bbox 171 3499 244 3551; x_wconf 78' lang='grc' dir='ltr'><strong><em>Βευίι.</em></strong></span> <span class='ocrx_word' id='word_1_276' title='bbox 263 3498 289 3548; x_wconf 87' lang='lat' dir='ltr'><strong><em>in</em></strong></span> <span class='ocrx_word' id='word_1_277' title='bbox 308 3504 383 3548; x_wconf 79' lang='lat' dir='ltr'><strong>textu</strong></span> <span class='ocrx_word' id='word_1_278' title='bbox 402 3505 429 3549; x_wconf 84' lang='lat' dir='ltr'><strong><em>ct</em></strong></span> <span class='ocrx_word' id='word_1_279' title='bbox 446 3499 504 3548; x_wconf 86' lang='lat' dir='ltr'><strong>rcli.</strong></span> <span class='ocrx_word' id='word_1_280' title='bbox 557 3499 574 3548; x_wconf 90' lang='grc'>4</span> <span class='ocrx_word' id='word_1_281' title='bbox 593 3499 692 3566; x_wconf 82' lang='grc' dir='ltr'><strong><em>σοφῶν</em></strong></span> <span class='ocrx_word' id='word_1_282' title='bbox 709 3500 782 3548; x_wconf 81' lang='lat' dir='ltr'><strong>Barb.</strong></span> <span class='ocrx_word' id='word_1_283' title='bbox 796 3515 812 3548; x_wconf 90' lang='lat' dir='ltr'>v</span> <span class='ocrx_word' id='word_1_284' title='bbox 824 3497 878 3548; x_wconf 82' lang='lat' dir='ltr'><strong><em>FA</em></strong></span> <span class='ocrx_word' id='word_1_285' title='bbox 893 3497 945 3548; x_wconf 81' lang='lat' dir='ltr'><strong>Pet.</strong></span> <span class='ocrx_word' id='word_1_286' title='bbox 963 3495 972 3563; x_wconf 76' lang='grc' dir='ltr'><strong><em>ή</em></strong></span> <span class='ocrx_word' id='word_1_287' title='bbox 994 3497 1062 3554; x_wconf 87' lang='grc' dir='ltr'><strong><em>τινές</em></strong></span> <span class='ocrx_word' id='word_1_288' title='bbox 1083 3496 1237 3549; x_wconf 72' lang='grc' dir='ltr'><strong><em>εἰσινΒουΙι.</em></strong></span> 
     </span>
     <span class='ocr_line' id='line_1_32' title="bbox 172 3557 1238 3638; baseline -0.004 -18"><span class='ocrx_word' id='word_1_289' title='bbox 172 3570 258 3620; x_wconf 79' lang='grc' dir='ltr'><strong><em>λοιίιε.</em></strong></span> <span class='ocrx_word' id='word_1_290' title='bbox 267 3567 405 3617; x_wconf 75' lang='lat' dir='ltr'><strong>Eusebius:</strong></span> <span class='ocrx_word' id='word_1_291' title='bbox 418 3568 474 3618; x_wconf 80' lang='grc' dir='ltr'><strong><em>εἰσί</em></strong></span> <span class='ocrx_word' id='word_1_292' title='bbox 483 3581 554 3623; x_wconf 82' lang='grc' dir='ltr'><strong><em>τινες</em></strong></span> <span class='ocrx_word' id='word_1_293' title='bbox 565 3567 622 3617; x_wconf 90' lang='lat' dir='ltr'><strong>rell.</strong></span> <span class='ocrx_word' id='word_1_294' title='bbox 660 3567 690 3617; x_wconf 78' lang='lat' dir='ltr'><strong><em>ic</em></strong></span> <span class='ocrx_word' id='word_1_295' title='bbox 704 3566 802 3638; x_wconf 88' lang='grc' dir='ltr'><strong><em>φορῶν</em></strong></span> <span class='ocrx_word' id='word_1_296' title='bbox 813 3563 865 3633; x_wconf 76' lang='grc' dir='ltr'><strong><em>μὲν</em></strong></span> <span class='ocrx_word' id='word_1_297' title='bbox 878 3569 961 3617; x_wconf 78' lang='grc' dir='ltr'><strong><em>θείων</em></strong></span> <span class='ocrx_word' id='word_1_298' title='bbox 972 3565 1078 3632; x_wconf 79' lang='lat' dir='ltr'><strong>scripsi:</strong></span> <span class='ocrx_word' id='word_1_299' title='bbox 1091 3557 1238 3634; x_wconf 85' lang='grc' dir='ltr'><strong><em>ὁρωμένων</em></strong></span> 
     </span>
     <span class='ocr_line' id='line_1_33' title="bbox 171 3627 1237 3718; baseline -0.008 -27"><span class='ocrx_word' id='word_1_300' title='bbox 171 3636 246 3691; x_wconf 72' lang='grc' dir='ltr'><strong><em>θεῶν</em></strong></span> <span class='ocrx_word' id='word_1_301' title='bbox 263 3635 334 3687; x_wconf 91' lang='lat' dir='ltr'><strong>libri.</strong></span> <span class='ocrx_word' id='word_1_302' title='bbox 371 3636 484 3700; x_wconf 74' lang='lat' dir='ltr'><strong><em>Sequens</em></strong></span> <span class='ocrx_word' id='word_1_303' title='bbox 503 3630 539 3691; x_wconf 84' lang='grc' dir='ltr'><strong><em>ῶς</em></strong></span> <span class='ocrx_word' id='word_1_304' title='bbox 558 3652 605 3685; x_wconf 93' lang='lat' dir='ltr'><strong><em>non</em></strong></span> <span class='ocrx_word' id='word_1_305' title='bbox 625 3636 746 3701; x_wconf 75' lang='lat' dir='ltr'><strong>expedio:</strong></span> <span class='ocrx_word' id='word_1_306' title='bbox 776 3631 917 3718; x_wconf 71' lang='grc' dir='ltr'><strong><em>ὁρωμένας</em></strong></span> <span class='ocrx_word' id='word_1_307' title='bbox 933 3635 1006 3686; x_wconf 77' lang='grc' dir='ltr'><strong><em>θεῶν</em></strong></span> <span class='ocrx_word' id='word_1_308' title='bbox 1022 3632 1073 3703; x_wconf 77' lang='grc' dir='ltr'><strong><em>μὲν</em></strong></span> <span class='ocrx_word' id='word_1_309' title='bbox 1090 3627 1237 3714; x_wconf 29' lang='grc' dir='ltr'><strong><em>ήλιονὶκτλ.</em></strong></span> 
     </span>
     <span class='ocr_line' id='line_1_34' title="bbox 172 3697 1238 3842; baseline -0.007 -16"><span class='ocrx_word' id='word_1_310' title='bbox 172 3703 485 3842; x_wconf 62' lang='grc' dir='ltr'><strong><em>ίλλλλλλῗιείί</em></strong></span> <span class='ocrx_word' id='word_1_311' title='bbox 503 3701 718 3823; x_wconf 41' lang='grc' dir='ltr'><strong><em>ἔξιθ’ἵέλίιῖθι</em></strong></span> <span class='ocrx_word' id='word_1_312' title='bbox 731 3704 809 3822; x_wconf 55' lang='grc' dir='ltr'><strong><em>τελλ</em></strong></span> <span class='ocrx_word' id='word_1_313' title='bbox 826 3697 1238 3840; x_wconf 63' lang='grc' dir='ltr'><strong><em>ίὲίόφίλὲἒ“ξλ,ῗιίλῗλλλ</em></strong></span> 
     </span>
     <span class='ocr_line' id='line_1_35' title="bbox 173 3838 1239 3912; baseline -0.006 -19"><span class='ocrx_word' id='word_1_314' title='bbox 173 3844 284 3912; x_wconf 70' lang='grc' dir='ltr'><strong><em>φθίσεις</em></strong></span> <span class='ocrx_word' id='word_1_315' title='bbox 301 3840 367 3890; x_wconf 75' lang='grc' dir='ltr'><strong><em>λιστεδ</em></strong></span> <span class='ocrx_word' id='word_1_316' title='bbox 385 3841 449 3892; x_wconf 84' lang='lat' dir='ltr'><strong>licet</strong></span> <span class='ocrx_word' id='word_1_317' title='bbox 467 3840 604 3905; x_wconf 78' lang='lat' dir='ltr'><strong>conjicere.</strong></span> <span class='ocrx_word' id='word_1_318' title='bbox 635 3840 712 3891; x_wconf 79' lang='lat' dir='ltr'><strong>Latet</strong></span> <span class='ocrx_word' id='word_1_319' title='bbox 729 3840 798 3891; x_wconf 75' lang='lat' dir='ltr'><strong>uliud</strong></span> <span class='ocrx_word' id='word_1_320' title='bbox 859 3840 891 3889; x_wconf 81' lang='lat'><strong><em>22</em></strong></span> <span class='ocrx_word' id='word_1_321' title='bbox 910 3840 1079 3908; x_wconf 77' lang='grc' dir='ltr'><strong><em>φαινομένας</em></strong></span> <span class='ocrx_word' id='word_1_322' title='bbox 1097 3838 1180 3888; x_wconf 84' lang='lat' dir='ltr'><strong><em>lccuns</em></strong></span> <span class='ocrx_word' id='word_1_323' title='bbox 1198 3838 1239 3888; x_wconf 89' lang='lat' dir='ltr'><strong><em>hic</em></strong></span> 
     </span>
     <span class='ocr_line' id='line_1_36' title="bbox 174 3907 1238 3975; baseline -0.005 -13"><span class='ocrx_word' id='word_1_324' title='bbox 174 3928 220 3962; x_wconf 85' lang='lat' dir='ltr'><strong><em>nou</em></strong></span> <span class='ocrx_word' id='word_1_325' title='bbox 240 3909 325 3961; x_wconf 72' lang='lat' dir='ltr'><strong>habet.</strong></span> <span class='ocrx_word' id='word_1_326' title='bbox 356 3908 389 3961; x_wconf 88' lang='lat' dir='ltr'><strong><em>Ut</em></strong></span> <span class='ocrx_word' id='word_1_327' title='bbox 406 3909 625 3960; x_wconf 74' lang='lat' dir='ltr'><strong>demonstraretur</strong></span> <span class='ocrx_word' id='word_1_328' title='bbox 644 3911 729 3961; x_wconf 84' lang='lat' dir='ltr'><strong>lunum</strong></span> <span class='ocrx_word' id='word_1_329' title='bbox 748 3924 828 3975; x_wconf 78' lang='lat' dir='ltr'><strong>usquc</strong></span> <span class='ocrx_word' id='word_1_330' title='bbox 845 3910 920 3974; x_wconf 82' lang='lat' dir='ltr'><strong>piune</strong></span> <span class='ocrx_word' id='word_1_331' title='bbox 939 3909 1048 3959; x_wconf 84' lang='lat' dir='ltr'><strong>divinum</strong></span> <span class='ocrx_word' id='word_1_332' title='bbox 1067 3921 1146 3972; x_wconf 88' lang='lat' dir='ltr'><strong>ncquc</strong></span> <span class='ocrx_word' id='word_1_333' title='bbox 1164 3907 1238 3972; x_wconf 77' lang='lat' dir='ltr'><strong>plane</strong></span> 
     </span>
     <span class='ocr_line' id='line_1_37' title="bbox 173 3975 1238 4043; baseline -0.006 -12"><span class='ocrx_word' id='word_1_334' title='bbox 173 3979 305 4031; x_wconf 76' lang='lat' dir='ltr'><strong><em>nurtnlcur</em></strong></span> <span class='ocrx_word' id='word_1_335' title='bbox 328 3991 385 4029; x_wconf 80' lang='lat' dir='ltr'><strong><em>csse</em></strong></span> <span class='ocrx_word' id='word_1_336' title='bbox 409 3980 453 4029; x_wconf 83' lang='lat' dir='ltr'><strong><em>scd</em></strong></span> <span class='ocrx_word' id='word_1_337' title='bbox 475 3979 501 4029; x_wconf 91' lang='lat' dir='ltr'><strong><em>in</em></strong></span> <span class='ocrx_word' id='word_1_338' title='bbox 525 3979 694 4028; x_wconf 83' lang='lat' dir='ltr'><strong>interliminio</strong></span> <span class='ocrx_word' id='word_1_339' title='bbox 714 3977 794 4028; x_wconf 87' lang='lat' dir='ltr'><strong>divini</strong></span> <span class='ocrx_word' id='word_1_340' title='bbox 816 3977 982 4043; x_wconf 69' lang='lat' dir='ltr'><strong>mortalisque</strong></span> <span class='ocrx_word' id='word_1_341' title='bbox 1000 3985 1079 4038; x_wconf 82' lang='lat' dir='ltr'><strong>sture,</strong></span> <span class='ocrx_word' id='word_1_342' title='bbox 1106 3975 1238 4025; x_wconf 81' lang='lat' dir='ltr'><strong>dicendum</strong></span> 
     </span>
     <span class='ocr_line' id='line_1_38' title="bbox 174 4043 1240 4112; baseline -0.005 -14"><span class='ocrx_word' id='word_1_343' title='bbox 174 4056 229 4100; x_wconf 78' lang='lat' dir='ltr'><strong><em>crui</em></strong></span> <span class='ocrx_word' id='word_1_344' title='bbox 246 4046 402 4098; x_wconf 73' lang='lat' dir='ltr'><strong><em>mutationes</em></strong></span> <span class='ocrx_word' id='word_1_345' title='bbox 420 4047 475 4112; x_wconf 80' lang='lat' dir='ltr'><strong>ejus</strong></span> <span class='ocrx_word' id='word_1_346' title='bbox 495 4063 543 4096; x_wconf 85' lang='lat' dir='ltr'><strong><em>nun</em></strong></span> <span class='ocrx_word' id='word_1_347' title='bbox 562 4047 728 4112; x_wconf 73' lang='lat' dir='ltr'><strong><em>‘apparentes’</em></strong></span> <span class='ocrx_word' id='word_1_348' title='bbox 747 4046 792 4096; x_wconf 86' lang='lat' dir='ltr'><strong><em>scd</em></strong></span> <span class='ocrx_word' id='word_1_349' title='bbox 806 4043 906 4097; x_wconf 76' lang='lat' dir='ltr'><strong><em>‘curtus&#39;</em></strong></span> <span class='ocrx_word' id='word_1_350' title='bbox 921 4053 947 4096; x_wconf 81' lang='lat' dir='ltr'><strong><em>ct</em></strong></span> <span class='ocrx_word' id='word_1_351' title='bbox 958 4047 1014 4107; x_wconf 74' lang='lat' dir='ltr'><strong>legs</strong></span> <span class='ocrx_word' id='word_1_352' title='bbox 1026 4044 1131 4111; x_wconf 76' lang='lat' dir='ltr'><strong><em>quadani</em></strong></span> <span class='ocrx_word' id='word_1_353' title='bbox 1144 4044 1240 4094; x_wconf 81' lang='lat' dir='ltr'><strong>consti-</strong></span> 
     </span>
     <span class='ocr_line' id='line_1_39' title="bbox 174 4111 793 4183; baseline -0.01 -14"><span class='ocrx_word' id='word_1_354' title='bbox 174 4124 242 4169; x_wconf 76' lang='lat' dir='ltr'><strong>tutus</strong></span> <span class='ocrx_word' id='word_1_355' title='bbox 261 4131 317 4168; x_wconf 81' lang='lat' dir='ltr'><strong><em>csse</em></strong></span> <span class='ocrx_word' id='word_1_356' title='bbox 389 4115 421 4166; x_wconf 79' lang='lat'><strong><em>25</em></strong></span> <span class='ocrx_word' id='word_1_357' title='bbox 438 4111 488 4167; x_wconf 86' lang='grc' dir='ltr'><strong><em>τὸν</em></strong></span> <span class='ocrx_word' id='word_1_358' title='bbox 505 4114 614 4183; x_wconf 77' lang='grc' dir='ltr'><strong><em>μεταξὺ]</em></strong></span> <span class='ocrx_word' id='word_1_359' title='bbox 630 4111 661 4166; x_wconf 85' lang='grc' dir='ltr'><strong><em>τὸ</em></strong></span> <span class='ocrx_word' id='word_1_360' title='bbox 678 4132 708 4182; x_wconf 92' lang='grc' dir='ltr'><strong><em>μ.</em></strong></span> <span class='ocrx_word' id='word_1_361' title='bbox 720 4114 793 4165; x_wconf 79' lang='lat' dir='ltr'><strong>Buri.</strong></span> 
     </span>
    </p>
   </div>
   <div class='ocr_carea' id='block_1_5' title="bbox 0 0 1440 4724">
    <p class='ocr_par' dir='ltr' id='par_1_5' title="bbox 0 0 1440 4724">
     <span class='ocr_line' id='line_1_40' title="bbox 0 0 1440 4724; baseline 0 0"><span class='ocrx_word' id='word_1_362' title='bbox 0 0 1440 4724; x_wconf 95' lang='lat' dir='ltr'><strong><em> </em></strong></span> 
     </span>
    </p>
   </div>
  </div>
 </body>
</html>
