2842 4724
263 287 306 351 73
679 282 728 334 DE
747 280 921 335 DEFEOTU
1263 313 1285 354 ρ.
1293 302 1331 342 ιιι

262 458 392 543 λάβωσι
429 459 485 523 καὶ
516 455 660 540 τύχωσιν
693 451 732 523 οὗ
764 451 894 543 δρῶσιν.
949 457 1035 525 ἔνιοι
1068 458 1107 523 δέ
1138 456 1332 526 τούναντίον

220 561 455 649 Ε<ἔπαθον>,
480 558 591 648 ὥσπερ
614 561 649 626 ἐν
664 561 776 647 Κρήτη
798 559 916 647 χρόνον
938 562 1058 644 συχνόν
1080 560 1209 643 διάγων
1231 562 1332 645 ἔγνων

263 665 391 732 ἄτοπόν
412 688 485 732 τινα
506 662 702 749 τελουμένην
724 663 853 751 ἑορτήν,
878 665 914 731 έν
935 659 955 756 ᾗ
977 666 1033 729 καὶ
1056 666 1199 732 εἴδωλον
1214 664 1333 752 ἀνδρὸς

263 767 432 856 ἀκέφαλον
454 766 708 834 ἀναδεικνύουσι
730 768 788 832 καὶ
810 768 962 848 λέγουσιν
984 765 1027 845 ὦς
1049 763 1145 845 οὗτος
1159 766 1202 855 ἦν
1218 769 1333 845 Μόλος

263 869 283 938 ό
311 871 486 959 Μηριόνου
513 872 635 958 πατήρ,
669 869 781 958 νύμφῃ
811 871 850 936 δέ
878 872 963 957 πρός
990 876 1069 955 βίαν
1095 872 1355 958 συγγενόμενοςτ

264 975 430 1060 ἀκέφαλος
453 974 629 1061 εύρεθείη.’

351 1083 400 1143 15.
435 1082 514 1143 6Ιίαὶ
537 1080 602 1165 μην
624 1075 705 1154 ὅσας
728 1078 763 1144 ἔν
784 1103 820 1143 τε
841 1078 967 1164 μύθοις
988 1081 1044 1144 καὶ
1064 1075 1181 1165 ὕμνοις
1199 1080 1333 1163 λέγουσι

264 1183 320 1248 καὶ
347 1182 481 1264 ᾄδουσι,
515 1186 611 1248 τούτο
639 1182 700 1268 μὲν
727 1180 880 1268 ἀρπαγάς
906 1185 1003 1248 τούτο
1030 1183 1069 1248 δὲ
1091 1182 1222 1262 πλάνας
1243 1189 1333 1251 θετόν

265 1283 404 1371 κρύψεις
425 1310 461 1350 τε
483 1286 536 1350 καλ
562 1286 669 1371 φυγὰς
691 1287 746 1350 καὶ
769 1286 934 1369 λατρείας,
963 1283 1002 1351 ού
1024 1289 1117 1352 θεῶν
1139 1289 1229 1354 εἰσιν
1252 1284 1334 1355 ἀλλά

266 1388 437 1475 δαιμόνων
458 1389 647 1475 παθήματα
669 1388 724 1454 καὶ
746 1387 841 1471 τύχαι
857 1388 1140 1475 μνημονευόμεναι
1156 1391 1202 1456 δι’
1218 1390 1333 1478 ἀρετὴν
1345 1420 1367 1457 ιι

267 1495 323 1558 καὶ
346 1491 490 1578 δύναμιν
511 1491 631 1570 αύτῶν,
655 1494 712 1557 καὶ
735 1491 809 1557 ούτε
828 1491 998 1574 Αἰσχύλος
1021 1490 1057 1558 εύ
1079 1497 1332 1567 elnsv<s11pp1.21⁴)

368 1595 485 1676 6ἀγνόν
507 1597 534 1661 τ’
551 1593 706 1663 Ἀπόλλω
730 1594 853 1682 φυγάδ’
877 1595 938 1662 ἀπ’
960 1595 1102 1682 ούρανοῦ
1123 1598 1235 1677 θεόν’,

268 1701 343 1768 ούτε
364 1699 383 1767 δ
405 1699 614 1787 Σοφοκλέους
628 1699 791 1785 Ἄδμητος
814 1717 945 1771 (enm)

226 1820 249 1868 F
369 1802 487 1890 ιοὑμὸς
509 1806 540 1870 δ’
563 1801 708 1887 ἀλέκτωρ
731 1802 832 1869 αὐτόν
854 1801 912 1890 ἦγε
933 1805 1018 1889 πρός
1039 1802 1164 1890 μύλην.’

268 1909 427 1974 πλεῖστον
460 1909 497 1973 δὲ
529 1910 586 1993 τῆς
620 1903 783 1993 ἀληθείας
816 1900 1102 1993 διαμαρτάνουσιν
1134 1907 1167 1973 οἳ
1196 1908 1366 1995 Δελφύνιι

266 2010 440 2092 θεολόγοι,
464 2011 653 2096 νομίζοντες
676 2010 826 2077 ένταύθά
850 2033 932 2076 ποτε
954 2011 1038 2096 πρὸς
1060 2010 1141 2098 ὄφιν
1162 2014 1237 2100 θεῷ
1259 2014 1334 2099 περὶ

267 2119 326 2181 τοῦ
347 2119 545 2202 χρηστηρίου
568 2112 676 2200 μάχην
697 2118 872 2194 γενέσθαι,
901 2115 957 2178 καὶ
983 2115 1086 2180 ταῦτα
1115 2117 1260 2201 ποιητάς
1281 2117 1334 2180 καὶ

267 2219 496 2305 λογογράφους
529 2218 565 2285 έν
592 2216 752 2303 θεάτροις
780 2216 1042 2304 ἀγωνιζομένους
1068 2219 1179 2300 λέγειν
1209 2220 1333 2297 ἐῶντες,

197 2335 250 2387 418
269 2320 381 2409 ὥσπερ
409 2322 563 2407 ἐπίτηδες
585 2319 905 2407 ἀντιμαρτυροῦντας
928 2316 973 2388 ὥν
994 2322 1119 2407 δρῶσιν
1142 2321 1246 2407 λεροίς
1267 2334 1334 2399 τοῖς

270 2424 475 2508 ἁγιωτάτοις.
509 2425 749 2511 θαυμάσαντος
771 2426 809 2490 δὲ
823 2428 882 2491 τοῦ
898 2427 1075 2492 Φιλίππου
1091 2429 1216 2513 (παρῆν
1232 2426 1332 2513 <γάρ>
1346 2448 1368 2487 τι

268 2529 287 2596 δ
307 2530 526 2617 συγγραφεύς)
543 2531 599 2594 καὶ
619 2532 829 2615 πυθομένου,
852 2533 942 2594 τίσιν
957 2527 1211 2615 ἀντιμαρτυρελν
1226 2534 1335 2606 θείοις

269 2638 376 2699 οἴεται
408 2634 484 2709 τούς
516 2630 790 2716 ἀγωνιζομένους·
826 2631 972 2708 (τούτοις
1003 2633 1066 2720 ἔφη
1097 2641 1177 2709 ’τοῖς
1200 2633 1335 2718 περὶτὰ

268 2736 478 2824 χρηστήριον,
501 2735 552 2812 οίς
574 2735 649 2821 ἀρτι
671 2736 746 2811 τούς
768 2736 829 2810 ἔξω
853 2736 972 2802 Πυλῶν
994 2735 1123 2811 πάντας
1138 2733 1334 2823 Ἔλληναςὴ

269 2839 370 2916 πόλις
397 2839 657 2928 κατοργιάζουσα
680 2843 775 2924 μέχρι
803 2840 946 2923 Τεμπῶν
968 2837 1132 2924 έληλακεν.
1176 2865 1197 2926 η
1219 2866 1256 2906 τε
1276 2841 1335 2925 γὰρ

270 2943 427 3029 ἱσταμένη
455 2944 572 3020 καλιὰς
599 2943 747 3009 ἐνταῦθα
773 2944 852 3028 περὶ
878 2944 937 3029 τὴν
965 2940 1032 3008 ἀλω
1062 2943 1107 3008 δι’
1136 2942 1231 3010 έννέα
1259 2944 1368 3009 έτόνιι

270 3045 309 3113 ού
331 3045 521 3134 φωλεάδης,
546 3044 631 3112 ἀλλά
651 3051 785 3133 μίμημα
805 3049 1000 3133 τυραννικῆς
1022 3045 1234 3133 ἢβασιλικῆς
1249 3047 1336 3114 έστιν

357 3359 372 3409 2
390 3356 498 3411 ἔπαθον
510 3358 622 3410 inseruit
633 3357 778 3422 Stegmann.
806 3357 882 3410 Plura
895 3356 1007 3411 fortasse
1019 3359 1112 3410 desunt
1156 3358 1185 3409 11
1199 3353 1337 3428 Αἰσχύλος

271 3421 301 3479 εὖ
318 3428 423 3493 scripsi:
442 3417 583 3495 Αἰσχύλου
596 3426 683 3478 ΑΡεί.
708 3424 849 3495 Ἀισχύλος
866 3428 947 3479 ceteri
966 3442 1060 3478 omnes.
1096 3425 1190 3478 Nescio
1210 3445 1241 3480 ευ
1260 3429 1337 3495 magis

271 3497 371 3561 placeat
389 3489 418 3547 εὖ
430 3492 508 3548 ελπεν
519 3492 607 3549 εἰπών
659 3495 691 3546 12
708 3495 730 3546 τ’
740 3532 746 3546 .
757 3533 763 3547 .
774 3532 780 3545 .
792 3485 894 3578 φυγάδ’
908 3523 937 3533 -
948 3491 1037 3564 οὑμὸς
1048 3493 1084 3558 δ’]
1097 3512 1145 3546 non
1158 3497 1235 3548 elidit
1246 3499 1337 3550 ΑΙδίιε

271 3563 284 3632 ΙΙ
309 3561 468 3616 Ἀπόλλωνα
490 3565 563 3615 Βεείι.
653 3566 684 3616 14
710 3560 796 3616 αὐτὸν
821 3564 937 3631 ἀλέκτωρ
964 3565 1030 3615 idem
1119 3564 1150 3614 16
1177 3563 1248 3619 ἔνθα
1274 3564 1338 3618 ποτὲ

271 3632 444 3685 Βιδιλιυίιε.
475 3631 484 3699 u
513 3632 553 3699 τῷ
570 3632 627 3697 θεῷ
644 3648 731 3684 omnes
749 3639 853 3697 praetor
870 3632 1043 3685 Barb.Amb1-.
1133 3634 1164 3684 17
1183 3629 1271 3685 ταύτὰ
1290 3633 1336 3685 νδ

272 3703 303 3752 19
321 3698 582 3770 ἀντιμαρτυροῦνιες
599 3701 701 3752 Ambr.‘?
719 3702 761 3752 Βε.
774 3716 825 3752 soe.
838 3717 870 3751 m.
892 3701 902 3768 ΙΙ
926 3701 1007 3768 ίεριύυ
1024 3701 1160 3764 ὃῑοςιοεοο
1231 3703 1265 3752 20
1286 3701 1337 3771 γάρ

270 3771 327 3823 εδδ.
336 3770 415 3823 Turn.
428 3771 549 3835 Bongars.
586 3770 616 3820 21
631 3772 707 3826 θεοῖς
719 3769 791 3820 libri:
810 3785 876 3820 τοι-ε.
891 3770 1046 3835 nescioquis
1081 3769 1114 3820 22
1125 3767 1338 3839 ἀγωνιζομένους

271 3839 441 3891 Ηεενιειδοτιε
464 3833 730 3906 ἀνταγωνιζομένους
781 3838 814 3887 26
832 3833 865 3888 ού
877 3835 1029 3904 φωλεώδης]
1041 3840 1079 3890 ita
1092 3841 1196 3919 scripsi:
1215 3837 1336 3908 φωλεύδ’

269 3903 286 3972 ἡ
304 3909 351 3959 τοῦ
368 3904 514 3977 δράκοντος
532 3910 573 3971 (ex
591 3903 741 3975 φωλεώδης
763 3922 818 3957 eum
839 3907 968 3974 adscripto
990 3903 1078 3974 ἤγουν
1100 3906 1251 3975 δρακοντος
1272 3910 1337 3968 ortt>

271 3975 344 4026 Burb.
380 3967 525 4044 φωλεώδης
546 3975 593 4026 τοῦ
615 3971 760 4045 δράκοντος
772 3971 837 4042 χειά
856 3978 936 4028 ceteri
955 3984 1058 4043 ρτοοῑοι·
1075 3977 1163 4028 Ambr.
1198 3977 1281 4029 Habet
1298 3979 1337 4028 hie

271 4035 414 4161 ‹pwmjhdqc
431 4060 471 4100 τις
483 4041 524 4113 δρ.
532 4037 608 4111 χειά,
626 4060 699 4110 quae,
718 4044 767 4094 nisi
786 4052 875 4096 οοοίοε
889 4046 1036 4110 loqueretur
1053 4048 1134 4096 codex
1147 4047 1275 4110 sincerus,
1293 4063 1336 4113 ρεο

272 4113 343 4163 veris
377 4115 479 4163 εοοεετο
