2842 4724
162 311 240 370 ..ιιι
608 294 790 354 osscoms
1187 301 1230 370 45

155 473 347 556 Ἄπολλον,
379 475 448 542 ικαὶ
470 473 568 541 τοῶτό
590 496 644 542 σοι
667 476 800 563 δίδωμύ
823 490 1054 565 προσαναιρετ.
1078 483 1150 545 ἴστε
1163 485 1235 546 τοί·
1265 495 1288 547 c

163 604 238 659 νυν,
262 578 313 647 ότι
341 580 449 646 Γέλων
474 580 537 665 μέν
558 575 738 665 ὑδρωπιῶν
758 580 871 666 Ἱέρων
893 583 931 647 δέ
953 584 1080 648 λιθιῶν
1102 583 1234 670 ἐτυράν-

166 703 279 771 νησεν,
303 683 322 750 ό
345 684 383 750 δέ
404 687 512 766 τρίτος
536 684 771 769 Θρασύβουλος
792 686 828 751 ἐν
850 685 986 752 στάσεσι
1003 688 1058 752 καὶ
1075 684 1235 773 πολέμοις

166 787 343 874 γενόμενος
364 785 483 871 χρόνον
505 785 543 852 ού
566 787 675 853 πολύν
697 788 833 863 ἐξέπεσε
854 792 910 877 τῆς
932 788 1040 876 ἀρχῆς.
1086 793 1236 878 Προκλῆς

137 896 284 958 ὁτοίνυν
305 889 323 957 ό
346 888 552 975 Ἐπιδαύρου
578 890 736 975 τύραννος
763 890 881 970 ἄλλους
908 919 943 958 τε
971 893 1117 970 πολλοὺς
1140 892 1236 980 ῶμῶς

167 998 226 1061 καὶ
249 995 452 1082 παρανόμως
475 992 585 1062 ἀνεῖλε
607 993 663 1060 καὶ
680 999 850 1083 Τίμαρχον
871 995 933 1061 ἀπ’
950 994 1104 1084 Ἀθηνῶν
1126 1021 1234 1084 παρα-

166 1097 345 1185 γενόμενον
365 1099 447 1182 μετά
470 1095 646 1184 χρημάτων
674 1099 759 1182 πρός
788 1095 888 1164 αὐτόν
909 1094 1157 1183 ὑποδεξάμενος
1179 1101 1234 1165 καὶ

167 1204 435 1288 φιλοφρονηθεὶς
458 1200 640 1285 ἀπέκτεινε,
664 1206 721 1266 καί
743 1202 780 1268 τό
804 1205 901 1288 σῶμα
923 1201 1156 1269 κατεπόντισεν
1178 1204 1235 1288 ἐμ-

167 1307 283 1390 βαλῶν
305 1309 352 1382 εἷς
375 1304 518 1392 φορμόν·
553 1304 675 1392 ἔπραξε
696 1305 734 1371 δέ
755 1308 858 1372 ταῦτα
880 1306 940 1372 διὰ
965 1302 1156 1392 Κλεάνδρου
1177 1309 1235 1374 τοῦ

125 1429 154 1468 1⁰
172 1409 366 1496 Αἰγινήτου,
388 1411 454 1476 τῶν
475 1407 584 1475 ἄλλων
599 1406 814 1490 ἀγνοούντων.
837 1405 973 1496 ὕστερον
996 1409 1034 1474 δέ
1059 1413 1124 1476 τῶν
1147 1435 1236 1496 πρα-

167 1513 303 1598 γμάτων
325 1511 413 1601 αὐτῷ
435 1517 693 1597 ταραττομένων,
716 1513 868 1599 ἔπεμψεν
882 1514 1031 1579 ἐνταῦθα
1050 1512 1234 1599 Κλεότιμον
1262 1530 1287 1580 D

166 1618 227 1684 τόν
261 1612 407 1702 α’δελφόν
437 1617 473 1682 ἐν
506 1614 681 1703 ἀπορρήτῳ
715 1616 982 1701 μαντευσόμενον
1018 1617 1097 1701 περὶ
1130 1620 1236 1702 φυγῆς

167 1720 270 1788 αύτοῦ
301 1723 356 1786 καὶ
390 1715 631 1804 μεταστάσεως.
682 1717 812 1786 ἀνεῖλεν
846 1717 904 1786 οὖν
938 1719 957 1785 ό
990 1720 1072 1795 θεὸς
1099 1719 1234 1786 διδόναι

169 1823 314 1909 Προκλεῖ
328 1824 436 1911 φυγὴν
450 1826 506 1888 καὶ
529 1823 739 1910 μετάστασιν,
763 1820 849 1889 ὅπου
865 1825 923 1890 τόν
938 1826 1068 1910 φορμόν
1083 1823 1234 1889 ἐκέλευσε

127 1951 154 1992 ιι
167 1929 385 1992 καταθέσθαι
408 1927 466 1993 τόν
491 1924 677 2013 Αἰγινήτην
704 1927 794 2001 ξένον
815 1926 836 2012 ἢ
859 1922 947 1993 ὅπου
968 1928 1006 1992 τὸ
1029 1932 1124 2012 κέρας
1147 1925 1233 1994 οἷπο·

167 2029 284 2116 βάλλει
308 2029 325 2096 ὁ
349 2029 480 2116 ἔλαφος.
532 2031 641 2106 συνεὶς
674 2026 732 2095 ούν
766 2029 784 2095 ὁ
817 2029 990 2116 τύραννος,
1022 2028 1076 2096 ’ὅτι
1111 2030 1233 2097 κελεύει

168 2133 423 2208 καταποντίζειν
445 2130 546 2198 αύτὸν
567 2131 813 2218 ἢκατορύττειν
828 2131 845 2198 ὁ
863 2133 943 2210 θεός
967 2132 1013 2210 (οἱ
1034 2134 1096 2217 γάρ
1114 2133 1233 2218 ε”λαφοι

167 2237 403 2320 κατορύττουσι
435 2237 490 2301 καὶ
525 2233 725 2318 ἀφανίζουσι
758 2237 842 2300 κατά
868 2240 926 2322 γῆς
948 2234 1028 2302 όταν
1050 2237 1173 2322 ἐκπέση
1195 2237 1232 2301 τό

167 2347 294 2425 κέρας),
343 2341 483 2421 ἐπέσχεν
526 2337 640 2421 ὀλίγον
674 2337 813 2425 χρόνον,
858 2343 930 2405 εἶτα
969 2342 1034 2406 τῶν
1074 2335 1233 2424 πραγμά-

127 2479 154 2517 20
165 2468 233 2510 των
255 2438 456 2510 παντάπασι
489 2445 669 2530 μοχθηρῶν
694 2448 893 2529 γενομένων,
925 2443 1069 2518 ἐξέπεσε.
1114 2441 1234 2527 λαβόν-

166 2573 219 2624 τες
242 2548 280 2612 os
302 2543 403 2615 αύτδν
430 2546 463 2613 οἳ
495 2549 553 2612 τοῦ
581 2545 749 2631 Τιμάρχου
779 2547 873 2632 φίλοι
897 2549 952 2611 καὶ
975 2546 1234 2633 διαφθείραντες

167 2652 327 2736 ἐξέβαλον
340 2651 400 2717 τόν
414 2651 531 2736 νεκρόν
546 2651 593 2725 εἰς
609 2650 668 2736 την
682 2649 869 2717 θάλασσαν.
894 2647 914 2716 ό
929 2651 961 2715 δ’
983 2651 1051 2715 ἐστὶ
1067 2655 1232 2735 μέγιστον,
1253 2670 1276 2719 Ε

166 2755 204 2820 αἱ
227 2755 357 2842 ῥῆτραι,
374 2755 425 2819 δι’
441 2750 487 2820 ῶν
502 2753 665 2840 ἐκόσμησε
686 2753 745 2839 τήν
763 2754 1040 2838 Λακεδαιμονίων
1059 2754 1234 2820 πολιτείαν

170 2858 374 2944 Λυκοῦργος,
407 2854 580 2944 ἐδόθησαν
609 2855 697 2942 αύτῷ
725 2858 960 2945 καταλογάδην.
1006 2863 1143 2944 μυρίους
1164 2863 1233 2922 τοί-

127 2987 226 3033 ιινυν
249 2966 305 3028 καί
324 2954 504 3048 Ἡροδότου
532 2962 587 3025 καὶ
611 2960 800 3046 Φιλοχόρου
828 2963 882 3026 καὶ
898 2961 1038 3046 Ἴστρου,
1071 2964 1135 3027 τῶν
1167 2964 1233 3045 μά-

165 3071 266 3136 λιστα
279 3067 338 3143 τὰς
352 3066 531 3152 ἐμμέτρους
545 3068 703 3150 μαντείας
719 3066 1010 3152 φιλοτιμηθέντων
1025 3076 1232 3146 συναγαγεῖν,

166 3173 246 3240 ἄνευ
273 3174 393 3257 μέτρου
419 3167 585 3256 χρησμούς
612 3167 839 3255 γεγραφότων,
873 3162 1079 3255 Θεόπομπος
1101 3165 1233 3244 ούδενός

166 3271 265 3364 ἧττον
286 3271 481 3358 ἀνθρώπων
503 3271 718 3348 ἐσπουδακὼς
740 3273 818 3358 περὶ
840 3272 877 3338 τό
900 3271 1112 3359 χρηστήριον,
1142 3273 1232 3352 ἰσχυ-

167 3382 230 3463 ρῶς
253 3377 467 3462 ἐπιτετίμηκε
480 3385 552 3450 τοῖς
573 3372 618 3461 μή
643 3375 816 3459 νομίζουσι
838 3377 924 3440 κατὰ
943 3376 1001 3442 τόν
1021 3376 1095 3441 τότε
1115 3370 1234 3461 χρόνον

128 3508 156 3549 ιο
170 3482 316 3569 ἔμμετρα
342 3479 401 3567 την
428 3481 564 3544 Πυθίαν
590 3475 781 3552 θεσπίζειν·
813 3480 885 3543 εἶτα
910 3481 1007 3545 τούτο
1034 3476 1233 3563 βουλόμενος

170 3585 375 3661 ἀποδείξαι,
417 3581 637 3648 παντάπασιν
677 3579 799 3662 ὀλίγων
839 3584 992 3668 χρησμῶν
1033 3579 1231 3667 ηὐπόρηκεν,

255 3783 266 3832 l
288 3775 389 3847 δίδωμι
407 3774 525 3840 (δίδοται
542 3772 619 3841 Moz.)
643 3779 828 3855 προσαναιρεῖ
843 3777 947 3842 scripsi:
975 3775 1028 3845 ἔφη
1052 3772 1159 3829 διδόναι
1186 3778 1232 3828 καί

168 3850 367 3920 προσαναιρεῖν
418 3846 449 3897 18
467 3846 520 3913 γῆς
531 3846 639 3912 scripsi:
657 3860 704 3910 της
720 3845 768 3913 pic
814 3847 847 3897 24
863 3848 977 3914 μυρίους
995 3847 1099 3912 scripsi:
1119 3843 1233 3917 άλυρίου

167 3920 229 3970 libri
248 3916 291 3981 (ci.
312 3932 335 3982 p.
349 3915 403 3977 oo,1
425 3909 538 3985 ῶσπερ
557 3917 685 3983 εἴρηται
712 3914 745 3964 τὰ
770 3917 884 3966 πλεῖστα
910 3915 951 3976 (αἱ
967 3915 1092 3975 παλαιαὶ)
1118 3916 1232 3965 καταλο-

185 3978 255 4052 άόην
282 3978 512 4051 ἀπεφθέγγοντο).
553 3984 693 4050 Scriptoris
722 3999 809 4033 nomon
837 3981 933 4034 frustra
962 3985 1087 4047 indagant,
1104 3984 1233 4047 oditoros;

164 4059 295 4108 Λλυτιίου
312 4051 418 4116 sessio,
441 4043 579 4118 Ἀντιόχου
596 4053 718 4104 Benedict
735 4053 782 4112 (De
802 4051 890 4104 Orooo.
915 4057 945 4102 ab
965 4053 1094 4104 Herodoto
1116 4067 1204 4104 comm.
1223 4051 1233 4103 1

169 4140 192 4193 r·
205 4124 247 4192 31)
