2842 4724
170 305 242 358 μιν(
576 289 831 342 ORAGULORUM
1175 293 1235 354 101

170 464 323 550 σάματα,
357 463 624 550 συνθλιβόμενον
657 464 689 529 δ’
716 460 820 539 αὖθις
846 461 934 549 αύτῷ
961 466 1017 528 καὶ
1044 470 1240 550 συμπίπτον

170 571 219 644 εἰς
242 565 362 643 ύδατος
386 568 480 634 ίδέαν
502 567 649 633 ἄπεισιν.
685 566 767 633 ὥστε
789 570 960 649 πανταχοῦ
975 569 1012 633 τό
1028 569 1239 653 προϋφιστά-

168 695 271 758 μενον
293 669 347 735 ἀεὶ
369 674 458 736 πᾶσι
480 683 550 746 τοϊς
572 671 685 747 ἄλλοις
701 668 849 758 εὐπόρως
864 670 1024 754 παρέχειν
1038 671 1097 756 τη“ν
1111 676 1239 753 γένεσιν

169 776 207 840 έκ
228 777 287 861 τῆς
308 773 503 859 μεταβολῆς·
527 777 582 839 καὶ
606 775 650 860 μη
673 775 777 859 μόνον
798 781 834 840 ἓν
857 778 943 840 εἶναι
958 777 1104 860 πρῶτον,
1128 774 1239 859 ἑτέρου

141 879 204 945 ⁶6³
227 878 263 944 έν
285 877 383 964 ἑτέρη
407 876 592 963 συστήματι
615 883 746 963 κίνησιν
768 875 911 964 ἀρχηγόν
932 879 988 943 καὶ
1012 877 1282 965 προληπτικηνΕ

169 982 203 1058 ές
224 984 355 1062 γένεσιν
376 979 506 1063 ἔχοντος
529 983 616 1045 πᾶσι
638 985 817 1066 τηρεῖσθαι
839 982 898 1067 την
919 976 1131 1066 δμωνυμίαν.’
1327 1025 1329 1029 ⁷

256 1086 307 1149 33.
345 1085 411 1148 Καὶ
434 1080 452 1149 6
473 1083 700 1151 ΑΜΜΩΝΙΟΣ
727 1080 903 1170 ιοἰνδρικάς
928 1087 1001 1170 μέν’
1031 1085 1093 1171 ἔφη
1123 1088 1239 1150 *ταῦτα

168 1191 214 1276 τῷ
238 1186 402 1275 Θεοδώρῳ
436 1187 492 1252 καί
516 1188 699 1274 φιλοτίμως
722 1186 985 1274 διαπεπόνηται·
1018 1187 1239 1275 θαυμάσαιμι

170 1293 206 1357 δ’
240 1291 294 1370 ἄν,
332 1292 363 1356 εἰ
400 1293 444 1377 μη
482 1289 590 1366 δόξετε
626 1292 774 1378 χρῆσθαι
808 1289 980 1377 λήμμασιν
1017 1289 1240 1377 ἀναιρετικοῖς

128 1418 155 1455 ιο
170 1393 328 1482 ἀλλήλων.
372 1388 466 1469 άξιοϊ
497 1396 560 1481 γὰρ
592 1391 661 1476 ἅμα
692 1396 778 1459 πᾶσι
800 1406 871 1470 τοῖς
894 1391 992 1462 πέντε
1013 1397 1057 1483 μὴ
1079 1400 1239 1477 γίνεσθαι

170 1499 229 1585 την
251 1495 425 1576 σύστασιν,
452 1496 537 1563 άλλολ
558 1499 595 1563 τὸ
619 1495 819 1564 λεπτότατον
841 1495 894 1563 ἀεὶ
916 1500 972 1563 καὶ
996 1500 1043 1564 δι’
1066 1498 1239 1575 ἐλάττονος

170 1606 400 1688 πραγματείας
420 1599 658 1684 συνιστάμενον
673 1606 918 1683 προεκπίπτειν
933 1603 980 1679 είς
994 1606 1132 1683 γένεσιν.
1167 1607 1239 1668 εἶτα

171 1703 284 1791 ὥσπερ
300 1703 490 1772 ἀκόλουθον
505 1704 543 1772 οὐ
558 1703 744 1791 μαχόμενον
758 1704 862 1792 τούτῳ
879 1701 998 1791 τίθησι
1013 1708 1050 1772 τό
1067 1707 1111 1793 μη
1125 1708 1238 1772 πᾶσαν

170 1802 252 1896 ύλην
280 1811 412 1895 πρῶτον
441 1813 609 1896 εἰσφέρειν
630 1809 667 1874 τὸ
688 1808 891 1875 λεπτότατον
912 1810 969 1873 καὶ
992 1807 1237 1887 ἁπλούστατον,

128 1937 155 1978 τι
170 1913 242 1979 ἀλλ’
274 1913 388 1999 ἐνιαχῆ
422 1912 464 1977 τά
488 1913 635 2000 ἐμβριθῆ
662 1914 717 1977 καὶ
744 1913 914 1998 πολυμερῆ
937 1912 1090 1999 φθάνειν
1113 1937 1238 1999 προαν-

171 2022 307 2100 ίσχοντα
338 2029 412 2092 ταῖς
444 2020 612 2097 γενέσεσιν
644 2003 692 2082 ἔκ
713 2017 768 2102 τῆς
799 2002 884 2102 ύλης.
929 2014 1007 2083 ἄνευ
1038 2016 1076 2081 δὲ
1105 2015 1278 2095 τούτου,Ρ

169 2125 269 2188 πέντε
310 2120 473 2206 σωμάτων
515 2118 652 2206 πρώτων
689 2117 916 2206 ὑποκειμένων
952 2120 1009 2185 καὶ
1046 2116 1105 2185 διά
1141 2123 1236 2185 τούτο

167 2224 303 2310 κόσμων
324 2224 509 2309 λεγομένων
531 2227 619 2289 εἶναι
633 2223 812 2303 τοσούτων,
835 2224 920 2311 πρὸς
934 2222 1021 2307 μόνα
1035 2224 1077 2288 τὰ
1091 2226 1237 2309 τέσσαρα

166 2331 207 2418 τῇ
240 2326 447 2415 πιθανότητι
480 2329 610 2414 χρῆται,
644 2318 701 2394 τὸν
728 2327 765 2393 δέ
795 2326 897 2412 κύβον
920 2324 1031 2414 ὥσπερ
1054 2328 1089 2394 έν
1111 2328 1238 2411 παιδιᾷ

127 2430 294 2518 τοψηφων
324 2429 507 2522 ύφηρηται,
544 2429 621 2516 μήτ’
658 2429 759 2498 αὐτόν
792 2434 839 2508 είς
873 2433 984 2499 ἐκεῖνα
1016 2431 1237 2517 μεταβάλλειν

166 2531 342 2622 πεφυκότα
368 2534 444 2620 μήτ’
471 2535 611 2610 ἐκείνοις
638 2538 798 2618 παρέχειν
825 2536 1011 2622 μεταβολὴν
1037 2536 1084 2611 εἰς
1107 2534 1236 2614 ἑαυτόν,

166 2635 226 2706 ἅτε
247 2635 288 2725 δη
311 2640 377 2705 τόν
397 2637 563 2724 τριγώνων
585 2636 645 2720 οὐχ
667 2637 835 2724 ὁμογενῶν
857 2639 971 2706 ὄντων.
1014 2635 1154 2715 ἐκείνοις
1175 2640 1236 2724 μὲν
1254 2653 1306 2707 428

165 2744 229 2830 γάρ
250 2742 425 2810 ύπόκειται
448 2730 562 2810 κοινόν
583 2738 618 2810 ἓν
640 2746 727 2810 πᾶσι
749 2745 786 2810 τό
810 2742 1043 2831 ἡμιτρίγωνον,
1071 2744 1235 2831 ἐντούτῳ

166 2848 205 2914 δὲ
228 2848 319 2915 ἴδιον
340 2847 430 2935 μόνη
453 2848 490 2913 τό
515 2846 693 2926 ἰσοσκελές,
718 2845 757 2914 οὗ
778 2849 901 2914 ποιούν
923 2848 1008 2932 πρός
1031 2848 1135 2913 έκεῖνο
1158 2847 1236 2911 σύν-

126 2980 152 3018 τε
166 2972 280 3018 νευσιν
301 2948 379 3016 ούδὲ
402 2950 582 3036 σύγκρασιν
604 2949 770 3037 ἑνωτικήν.
808 2955 902 3036 είπερ
926 2946 984 3017 οὖν
1006 2954 1105 3016 πέντε
1121 2948 1235 3034 σωμά-

165 3079 232 3121 των
254 3048 358 3121 όντων
380 3056 435 3119 καὶ
459 3059 557 3121 πέντε
572 3053 715 3140 κόσμων,
740 3060 775 3120 ἓν
790 3054 826 3122 έν
841 3054 966 3139 ἑκάστῳ
982 3055 1040 3140 την
1055 3051 1236 3140 ἡγεμονίαν

166 3158 234 3239 ἔχει
256 3158 312 3244 τῆς
334 3162 502 3239 γενέσεως,
535 3155 623 3224 ὅπου
645 3162 778 3240 γέγονεν
801 3153 818 3224 δ
843 3157 942 3241 κύβος
964 3157 1106 3241 πρῶτος,
1137 3153 1235 3222 οὐδέν

166 3262 260 3327 ἔσται
293 3263 358 3327 τῶν
391 3260 514 3328 ἄλλων·
547 3265 595 3337 είς
627 3258 724 3327 ούδὲν
753 3263 815 3347 γὰρ
848 3261 983 3327 ἐκείνων
1015 3258 1234 3345 μεταβάλλειν

166 3371 323 3452 πέφυκεν.
368 3364 414 3429 ἒῶ
440 3365 515 3449 γάρ,
547 3362 598 3430 ὅτι
621 3366 677 3430 καὶ
700 3367 759 3430 τοῦ
780 3365 983 3450 καλουμένου
1005 3364 1232 3449 δωδεκαέδρου

254 3565 358 3637 Ῑαὺτῷ
370 3568 456 3620 Ambr.
483 3563 555 3637 αὐτῷ
580 3569 708 3621 το11.4
731 3567 870 3639 ἑτέρουδ’
888 3567 917 3620 έν
934 3559 1139 3636 ἑτσυστύματτ]
1157 3564 1232 3646 ἓτερμ

164 3637 194 3690 δ’
210 3637 239 3691 ἔν
256 3636 347 3707 ἑτέρου
367 3631 569 3704 συστήματοςί-
570 3655 643 3706 ματα
662 3654 712 3690 sec.
725 3640 769 3702 m.)
783 3638 855 3690 Barb.
885 3635 1005 3705 λ’τεραδ
1024 3635 1116 3707 ἑτέρου
1135 3626 1232 3700 συστή-

163 3725 236 3775 ματα
250 3708 389 3758 ΑιυΙιτ
407 3705 499 3772 (εἰς
512 3707 539 3769 Β)
558 3723 604 3757 om.
618 3708 705 3759 Ambr.
741 3704 922 3790 Βθαυμάσαι
941 3707 1013 3756 Βιτύ.
1051 3707 1081 3757 10
1099 3705 1232 3786 γειέσθαι

164 3776 324 3828 BAEVat.
337 3774 391 3826 Pet
465 3775 494 3825 13
518 3788 637 3843 συμμαχ.
658 3792 703 3842 pro
722 3772 755 3826 06
796 3792 839 3843 αχ
853 3775 925 3826 ΒττΙ).
941 3776 1024 3825 Ambr
1098 3775 1127 3825 14
1146 3766 1233 3823 απλό-

163 3859 244 3896 τατον
273 3845 320 3894 καὶ
346 3836 539 3895 ἁπλούστατον
565 3845 638 3922 qub.
656 3846 743 3894 Ambr.
797 3842 891 3894 APet.
919 3845 997 3904 (οοττ
1025 3842 1105 3909 prima
1133 3843 1231 3924 manus)

166 3915 196 3964 16
223 3905 327 3965 τούτων
348 3912 435 3964 ΑοτΙιτ
506 3913 537 3962 18
563 3906 651 3980 μόνον
678 3913 743 3963 idem
814 3912 846 3962 25
873 3907 936 3964 οὐδὲ
958 3911 1139 3962 Βοτοττδοίτίει
1170 3904 1232 3961 ούτε

165 3981 196 4031 26
215 3979 245 4034 ἓν
263 3982 320 4033 add.
334 3979 418 4047 wytt.
455 3981 486 4031 29
511 3977 543 4030 τὸ
564 3981 612 4031 τοῦ
637 3997 722 4031 omnes
747 3989 847 4061 praeter
867 3979 938 4030 Barb.
975 3980 1059 4031 Locus
1078 3979 1113 4028 ita
1133 3979 1231 4029 intelli-

164 4051 376 4183 ww
284 4056 375 4100 ost-
343 4048 440 4100 τ-οῦ
459 4047 525 4100 δωδ.
545 4048 657 4100 ποιοῦσι
675 4053 811 4117 στοιχεῖον
828 4043 893 4100 6660
912 4041 1076 4118 σκάληνον
1061 4067 1076 4113 η
1094 4046 1181 4099 έκεῖνο
1200 4044 1231 4104 τὸ

164 4131 197 4172 στι
278 4104 335 4169 οὗ.
