2842 4724
75 281 150 330 μία
476 259 577 315 APUD
597 264 767 318 DELPHOS
1123 270 1142 333 3

72 435 218 522 στημην,
249 437 305 500 καὶ
330 435 555 523 Λεσχηνόριος
581 434 662 504 όταν
684 437 839 525 ἰνεργάσι
862 441 918 505 καὶ
940 435 1142 509 άπολαόωσι

70 538 237 625 χρεόμενοι
259 541 304 626 τῷ
328 540 549 622 διαλέγεσθαι
572 542 627 604 καὶ
643 541 847 627 φιλοσοφεῖν
866 544 950 630 πρός
972 543 1142 631 ἀλλήλους.

72 644 170 707 (ἐπεὶ
194 642 231 708 δὲ
252 645 311 709 τοῦ
334 644 550 730 φιλοσοφεῖν’
575 644 637 730 ἔφη
670 645 719 710 ’τό
757 644 861 730 ζητεῖν
885 645 1001 734 (ἀρχή,
1024 651 1084 716 τοῦ
1104 650 1143 716 δὲ

75 746 204 832 ζητεῖν>
238 746 274 812 τό
305 746 497 831 θαυμάζειν
528 748 583 811 καὶ
617 742 777 833 άπορείν,
812 748 945 826 εἰκότως
966 753 1008 816 τά
1029 752 1181 819 πολλάῦ

41 853 140 916 οτῶν
162 852 242 935 περὶ
264 849 321 916 τόν
343 850 427 916 θεὸν
450 850 556 916 ἔοικεν
578 852 754 934 αἰνίγμασι
784 854 1056 941 κατακεκρύφθαι
1086 857 1142 921 καὶ

71 953 174 1033 λόγον
195 953 271 1019 τινά
295 956 473 1018 ποθοῦντα
496 954 555 1018 διὰ
569 959 602 1018 τί
616 955 673 1018 καὶ
696 954 919 1021 διδασκαλίαν
940 960 997 1042 τῆς
1019 960 1141 1036 αἰτίας.

73 1057 149 1122 οἷον
171 1057 230 1121 ἐπὶ
256 1061 314 1120 τοῦ
341 1058 447 1140 πυρός
472 1060 530 1121 τοῦ
554 1055 747 1135 ἀθανάτου,
781 1060 818 1124 τὸ
845 1065 1006 1125 καίεσθαι
1040 1060 1143 1146 μόνον
1167 1127 1170 1139 ,

72 1157 202 1226 αὐτόθι
234 1160 301 1225 τόν
335 1157 439 1234 ξύλων
472 1158 591 1244 ἐλάτην
619 1162 675 1225 καὶ
708 1159 839 1248 δάφνην
868 1162 1141 1249 ἐπιθυμιᾶσθαι,

72 1264 131 1328 καὶ
154 1259 192 1329 τό
220 1262 282 1329 δύο
306 1266 440 1348 Μοίρας
470 1260 631 1347 ἱδρῦσθαι
654 1267 826 1346 πανταχοῦ
847 1268 948 1352 τριῶν
968 1265 1143 1354 νομιζομέ-

31 1390 59 1428 ιο
73 1389 162 1444 νων,
196 1367 252 1431 καὶ
279 1367 316 1431 τό
339 1365 485 1451 μηδεμιᾷ
510 1369 642 1448 γυναικί
668 1369 754 1452 πρός
776 1370 813 1434 τό
836 1369 1033 1457 χρηστήριον
1055 1375 1142 1438 εἰναι

73 1470 295 1554 προσελθεῖν·
318 1470 374 1533 καί
396 1469 435 1534 τό
456 1472 516 1534 τοῦ
538 1471 710 1555 τρίποδος,
733 1472 789 1535 καὶ
813 1468 877 1536 ὅσα
898 1475 1050 1552 τοιαῦτα,
1072 1486 1144 1552 τοῖς

73 1574 119 1660 μη
142 1570 362 1639 παντάπασιν
391 1570 526 1654 ἀλόγοις
554 1575 610 1637 καὶ
640 1571 788 1659 άψόχοις
809 1572 974 1660 ὑφειμένα
995 1574 1143 1654 δελεάζει

73 1676 132 1741 καὶ
155 1675 344 1762 παρακαλεῖ
365 1674 450 1761 πρὸς
471 1676 509 1740 τό
533 1688 677 1743 σκοπεῖν
698 1702 730 1742 τι
754 1678 810 1742 καὶ
833 1675 968 1745 άκοόειν
989 1681 1045 1744 καὶ
1068 1681 1143 1746 δια-

73 1780 238 1860 λέγεσθαι
261 1780 339 1862 περὶ
362 1774 480 1844 αὐτῶν.
511 1774 573 1865 ὅρα
595 1779 633 1843 δὲ
648 1780 704 1843 καὶ
719 1781 813 1845 ταυτὶ
828 1782 870 1846 τά
883 1779 1142 1868 προγράμματα,
1162 1796 1186 1845 D

32 1911 59 1948 ιε
72 1883 114 1948 τό
138 1884 265 1963 [γνῶθι
289 1880 424 1948 σαυτόν’
447 1882 502 1946 καὶ
531 1882 569 1947 τό
592 1883 715 1968 (μηδὲν
738 1881 856 1964 άγαν’,
892 1880 973 1960 όσας
997 1883 1144 1970 ζητήσεις

74 1992 224 2072 κεκίνηκε
240 1983 442 2072 φιλοσόφοις
458 1984 514 2049 καὶ
537 1980 616 2050 ὅσον
638 1983 744 2069 λόγων
765 1987 901 2070 πλῆθος
924 1985 983 2073 ἀφ’
1005 1987 1144 2055 ἑκάστου

74 2090 234 2176 καθάπερ
257 2087 325 2156 άπὸ
350 2094 540 2173 σπέρματος
563 2087 788 2175 ἀναπέφυκεν·
825 2085 867 2154 όν
890 2088 1023 2168 οὐδενός
1046 2087 1144 2178 ἧττον

74 2197 173 2277 οἶμαι
194 2193 334 2277 γόνιμον
355 2192 462 2274 λόγων
485 2195 572 2258 εἶναι
593 2193 630 2257 τό
654 2195 713 2259 νῦν
737 2191 941 2279 ζητούμενον.

161 2320 190 2381 3.
215 2313 381 2390 Εἰπόντος
404 2314 442 2378 δὲ
462 2315 566 2379 ταῦτα
580 2316 639 2379 τοῦ
650 2310 853 2398 Ἀμμωνίου,
877 2315 1101 2385 ΛΑΜΠΡΙΑΣ
1124 2317 1141 2382 ὁ

32 2441 59 2478 2⁰
73 2418 222 2504 ἀδελφός
244 2421 319 2484 εἶπε
342 2420 414 2482 ’καί
437 2417 501 2502 μην
524 2414 562 2483 ὃν
585 2416 679 2501 ἡμείς
694 2414 882 2502 ἀκηκόαμεν
897 2417 997 2501 λόγον
1014 2418 1141 2497 άπλοῦς

72 2529 123 2599 τίς
146 2523 218 2588 ἐστι
246 2521 301 2585 καὶ
332 2521 453 2611 κομιδῇ
482 2521 614 2604 βραχύς.
658 2521 793 2602 λέγουσι
815 2522 877 2608 γάρ
901 2523 1045 2599 ε’κείνους
1066 2524 1142 2599 τούς

73 2625 200 2712 σοφοδς
222 2623 280 2691 ὑπ’
304 2624 400 2690 ἐνίων
423 2624 460 2689 δὲ
483 2624 646 2709 σοφιστὰς
668 2629 1002 2709 προσαγορευθέντας
1024 2623 1142 2703 αὐτούς

73 2733 134 2816 μὲν
167 2733 255 2795 εἰναι
288 2731 403 2805 πέντε,
439 2725 576 2792 Χίλωνα
606 2727 663 2790 καὶ
687 2727 802 2812 Θαλῆν
835 2731 891 2791 καὶ
915 2727 1054 2794 Σόλωνα
1077 2722 1142 2793 Ικαὶ

73 2840 205 2900 Βίαντα
241 2833 297 2896 καὶ
321 2828 500 2896 Πιττακόν·
539 2828 598 2895 ἐπὶ
631 2829 669 2894 δέ
700 2826 907 2914 Κλεόβουλος
939 2829 957 2897 ό
989 2833 1143 2898 Λινδίων

31 2937 245 3020 ιετόραννος,
284 2938 356 3000 εἶτα
384 2932 589 3018 Περίανδρος
623 2929 640 2997 ό
667 2937 866 3018 Κορίνθιος,
901 2933 999 3001 οὐδέν
1030 2932 1185 3010 αὖτοίςΕ

73 3040 190 3127 ἀρετῆς
213 3039 310 3123 μετόν
334 3035 410 3102 οὐδὲ
433 3040 569 3121 σοφίας,
597 3033 683 3101 ἀλλὰ
704 3033 845 3121 δυνάμει
872 3037 927 3101 καὶ
951 3036 1064 3121 φίλοις
1086 3040 1143 3101 καί

72 3144 189 3230 χάρισι
213 3137 489 3225 καταβιαζόμενοι
517 3134 578 3224 την
600 3138 714 3216 δόξαν,
749 3138 905 3223 ἐνέβαλον
928 3141 975 3215 εἰς
998 3137 1143 3224 τοῦνομα

72 3250 140 3313 τῶν
163 3247 279 3332 σοφόν
299 3249 356 3308 καί
378 3267 471 3318 τινας
498 3241 629 3327 γνώμας
657 3243 713 3306 καὶ
735 3242 853 3322 λόγους
875 3242 1063 3328 ἐξέπεμπον
1086 3244 1142 3307 καί

163 3530 173 3578 1
195 3526 309 3591 Λέοχην
326 3521 401 3596 ὃριος
418 3526 493 3576 libri:
519 3541 585 3575 corr.
597 3524 660 3590 Xyl.
685 3521 698 3591 ΙΙ
725 3519 756 3574 δὲ
774 3531 833 3574 unte
855 3517 923 3574 ὅταν
940 3524 1035 3575 habent
1051 3524 1070 3573 B
1088 3522 1144 3574 Pal.

74 3597 110 3651 V3
127 3597 169 3648 δεῖ
189 3597 281 3647 Aldina
361 3593 457 3663 3ἕφη]
486 3593 527 3662 ἐφ’
556 3587 596 3650 οἷς
622 3593 666 3643 Pal
680 3590 713 3642 V³
754 3588 763 3657 ΙΙ
802 3587 874 3662 άργη
898 3593 946 3654 (ita
966 3593 1068 3656 Cobet),
1096 3589 1144 3641 τοῦ

74 3664 104 3718 δὲ
123 3665 209 3731 ζητεῖν
227 3666 327 3714 inserui
398 3665 412 3712 5
431 3663 484 3712 τῶν
501 3663 575 3713 θεῶν
589 3661 653 3711 DVl
667 3661 685 3710 F
700 3660 722 3709 A
740 3661 818 3720 (corr.
838 3662 862 3710 in
881 3661 1005 3722 margine)
1026 3660 1085 3710 Vat.

75 3736 90 3784 6
109 3735 266 3794 ποθοῦντα]
285 3736 385 3782 ποθεῖν
398 3730 452 3781 Pul.
466 3731 509 3794 Ἣ,
528 3732 592 3780 unde
614 3731 698 3797 Wytt.
717 3732 821 3780 ποθεῖν
839 3730 886 3778 τοῦ
938 3730 953 3778 9
973 3723 1141 3797 ἱδρύσασθαι

74 3803 125 3851 ΒΑ
138 3803 198 3854 Vat.
212 3801 267 3852 Pet.
339 3801 370 3850 10
389 3799 487 3858 ἐξεῖναι
501 3800 553 3849 Pal.
626 3800 652 3849 11
675 3792 706 3849 τὸ
726 3796 798 3847 deest
816 3795 985 3849 innv11’a1.
1000 3797 1019 3847 Ε
1032 3795 1091 3846 Vat.

77 3870 108 3920 13
127 3870 173 3920 καὶ
192 3877 253 3920 anto
271 3861 384 3923 άκοόειν
396 3870 469 3919 deest
487 3868 513 3918 in
525 3867 558 3920 V¹
579 3868 645 3930 (add.
666 3866 717 3931 Ψ).
757 3867 788 3918 14
805 3861 837 3916 τό
863 3857 1034 3932 πρόγραμμα
1055 3862 1142 3913 DPal.

78 3938 110 3989 16
129 3931 308 4006 φιλοσόφοις]
327 3939 363 3988 ita
381 3936 447 3989 ΨΒ
466 3931 637 4004 φιλοσόφους
655 3936 736 3986 ceteri
766 3933 775 4001 ss
814 3929 882 3988 ὅσον
899 3935 969 3984 solus
988 3934 1041 3984 Pet.
1069 3927 1144 3983 ὅσων

79 4008 160 4057 ceteri
224 4007 255 4057 18
273 4003 357 4073 λόγον
375 4005 448 4056 libri:
473 4020 540 4054 corr.
559 4006 658 4066 Madvig
679 4001 692 4071 ΙΙ
710 4001 864 4056 zvaVat.
877 4001 932 4053 Pet.
993 4003 1026 4052 20
1044 3997 1145 4066 δελφὸς

79 4073 260 4129 vssml’et.
326 4074 356 4123 27
373 4069 572 4142 χάριτιΕΑΙδ.
603 4073 614 4138 ΙΙ
642 4069 863 4138 ἔνίβαλλοννῙΕ

950 4154 984 4208 l*
