2842 4724
163 311 235 364 μοι
572 293 827 347 ORACULORUM
1194 293 1237 360 77

252 474 302 535 14.
335 467 429 557 ‘Heus'
452 470 513 555 μὲν
536 465 595 535 οὖν
609 472 674 535 τῶν
688 471 869 555 μυστικῶν,
892 469 928 535 ἐν
943 468 993 546 υίς
1008 471 1065 546 τὰς
1081 475 1238 556 μεγίστας

163 572 327 660 ἐμφάσεις
357 574 412 638 καὶ
441 568 624 659 διαφάσεις
651 570 767 656 λαβεῖν
795 571 865 637 ἔστι
887 575 944 658 τῆς
967 575 1045 660 περὶ
1068 573 1239 660 δαιμόνων

163 675 342 763 ἀληθείας,
370 673 525 762 ιεὔστομά
551 699 610 761 μοι
634 680 771 741 κείσθω
796 678 874 740 καθ’
894 675 1085 761 Ἡρόδοτον·
1121 677 1235 764 ἑορτὰς
1251 695 1275 751 Ι0
1316 699 1415 752 (sinu)

163 781 202 846 δὲ
225 781 282 846 καὶ
301 784 440 858 θυσίας,
464 775 575 866 ὥσπερ
591 776 713 864 ἡμέρας
728 776 931 864 ἀποφράδας
947 781 1003 844 καὶ
1019 780 1236 866 σκυθρωπάς,

136 884 200 950 τίν
222 884 277 960 αίς
300 874 494 969 ὠμοφαγίαι
517 886 573 947 καὶ
588 880 810 966 ’διασπασμοὶ
832 888 984 966 νηστεῖαί
1006 906 1040 949 τε
1062 885 1118 949 καί
1135 909 1237 950 κοπε-

163 991 230 1064 τοί,
254 984 421 1068 πολλαχοῦ
443 986 480 1050 δὲ
503 983 608 1051 πάλιν
629 985 860 1071 αἰσχρολογίαι
884 985 969 1072 πρός
994 985 1096 1072 ίερυῖς

164 1093 299 1176 ιμανίαι
326 1091 358 1154 τ’
386 1084 508 1170 ἀλαλαί
534 1090 566 1152 τ’
594 1087 795 1175 ὀρινομένων
822 1088 1000 1177 ῥιψαύχενι
1025 1093 1084 1156 σὺν
1107 1090 1235 1178 κλόνηί,
1317 1113 1327 1164 (

163 1196 257 1258 θεῶν
283 1193 345 1278 μὲν
374 1191 485 1258 οὐδενὶ
513 1191 682 1277 δαιμόνων
704 1193 742 1257 δὲ
765 1191 1236 1281 φαόλωνάποτροπῆς-ἕνεκα

164 1297 306 1384 φήσαιμ’
329 1295 371 1363 ἀν
392 1295 566 1362 τελεῖσθαι
590 1295 739 1380 μειλίχια
762 1298 816 1360 καλ
840 1299 1057 1382 παραμύθια.
1102 1299 1157 1362 καὶ
1180 1299 1238 1374 τὰς

127 1429 152 1467 τι
164 1401 273 1467 πάλαι
301 1403 505 1485 ποιουμένας
533 1397 824 1483 ἀνθρωποθυσίας
852 1399 927 1466 οὔτε
953 1401 1057 1478 θεοός
1079 1399 1238 1467 ἀπαιτεῖν

165 1504 185 1591 ἢ
208 1505 461 1590 προσδέχεσθαι
484 1502 637 1569 πιθανόν
659 1504 763 1582 ἐστιν,
798 1502 873 1570 οὔτε
895 1502 1001 1591 μάτην
1023 1505 1065 1572 ἀν
1086 1501 1237 1588 ἐδέχοντο

165 1608 319 1691 βασιλεῖς
351 1608 407 1672 καὶ
438 1607 615 1693 στρατηγοὶ
647 1607 775 1684 παῖδας
808 1606 916 1674 αὐτῶν
943 1609 1153 1685 ἐπιδιδόντες
1181 1611 1237 1675 καὶ

166 1707 405 1798 καταρχόμενοι
428 1712 483 1776 καλ
507 1709 718 1797 σφάττοντες,
742 1709 828 1777 ἀλλά
849 1712 1004 1793 χαλεπῶν
1026 1713 1082 1777 καὶ
1098 1713 1237 1800 δυστρό-
1256 1725 1280 1773 D
1390 1777 1392 1783 .

166 1839 243 1882 πων
279 1813 379 1902 ὀργὰς
417 1816 475 1880 καί
512 1806 726 1901 βαρυθυμίας
770 1813 1012 1902 ἀφοσιούμενοι
1054 1817 1110 1881 καὶ
1152 1813 1235 1882 ἀπο-

128 1948 153 1992 ις
166 1913 378 2004 πιμπλάντες
404 1915 613 2005 ἀλαστόρων·
646 1918 749 1994 ε’νίοις
770 1919 808 1983 δὲ
829 1919 988 2004 μανικοὺς
1009 1921 1064 1984 καῖ
1086 1943 1238 2002 τυραννι-

166 2023 245 2098 κοὺς
267 2022 400 2107 ἔρωτας,
424 2019 463 2088 οό
486 2022 679 2108 δυναμένων
701 2020 778 2088 οὐδὲ
793 2023 1004 2108 βουλομένων
1027 2022 1157 2109 στόμασι
1181 2023 1237 2089 καὶ

166 2121 228 2192 διὰ
260 2125 422 2211 σωμάτων
455 2122 596 2211 όμιλεῖν.
645 2124 717 2191 ἀλλ’
752 2123 863 2211 ὥσπερ
888 2125 1046 2213 Ἡρακλῆς
1075 2127 1239 2208 Οἰχαλίαν

166 2229 359 2317 ἐπολιόρκει
393 2228 453 2295 διὰ
485 2233 672 2316 παρθένον,
708 2227 792 2296 οὕτω
827 2229 988 2307 πολλάκις
1021 2233 1149 2317 ἰσχυροὶ
1183 2233 1239 2296 καὶ

166 2339 278 2418 βίαιοι
301 2335 457 2420 δαίμονες
479 2333 705 2422 ἐξαιτούμενοι
717 2331 833 2420 ’ψυχὴν
848 2331 1069 2420 ἀνθρωπίνην
1084 2357 1239 2422 περιεχο-

127 2441 270 2524 ιυμένην
300 2436 429 2522 στόματι
459 2435 596 2527 λοιμούς
621 2462 657 2502 τε
685 2436 804 2503 πόλεσι
827 2438 883 2502 καὶ
906 2440 964 2523 γῆς
986 2436 1131 2526 ἀφορίας
1153 2438 1239 2503 ἐπά-

166 2559 265 2624 γουσι
296 2539 352 2607 καὶ
383 2542 551 2626 πολέμους
583 2540 640 2606 καί
673 2541 807 2616 στάσεις
832 2540 1065 2627 ταράττουσιν,
1100 2541 1176 2628 ἄχρι
1200 2537 1239 2608 οὗ

257 2831 269 2881 1
288 2825 353 2895 περί
368 2824 421 2896 μὲν
437 2841 517 2893 usque
535 2827 567 2876 ud
585 2818 642 2880 ἀνθ
661 2829 823 2882 ωποθυσίας
836 2842 868 2877 er
881 2825 990 2878 Eusebio
1004 2826 1143 2892 descripsit
1155 2828 1239 2879 Τίτιο-

168 2897 276 2948 iuretus
290 2893 381 2946 Greee.
394 2893 485 2946 Α’δεεῖ.
498 2895 557 2946 Cur.
570 2911 593 2961 p.
607 2843 658 2944 375
674 2891 814 2957 (Guisiurd)
833 2891 841 2960 11
862 2895 928 2945 Loco
947 2894 1010 2964 περὶ
1023 2894 1079 2978 μὲν
1096 2887 1146 2948 οὖν
1162 2895 1239 2947 babet

168 2966 296 3017 Eusebius
323 2965 369 3015 καλ
394 2964 460 3031 περὶ
485 2962 548 3031 μὲν,
572 2962 749 3014 Theodoretus
776 2964 903 3032 καὶπερὶ
982 2965 1115 3014 ’ίαλαλαί
1132 2965 1153 3014 τ’
1171 2964 1237 3015 Tur·

170 3035 248 3085 rebus
267 3049 300 3084 ex
318 3048 342 3098 ρ.
356 3033 436 3084 ῖθίῖει
459 3027 527 3082 ἀλλα
545 3048 572 3083 τε
587 3032 658 3082 Burb.
671 3030 757 3082 Ambr.
777 3033 815 3096 (et
832 3040 861 3083 ut
879 3032 981 3082 videtur
998 3031 1041 3094 F):
1060 3026 1139 3083 ἀίλαι
1158 3033 1239 3083 ueteri

168 3118 224 3153 eum
243 3102 316 3152 uuid.
329 3098 436 3152 Eusebii
455 3107 481 3151 et
492 3101 648 3152 Theudureti
670 3098 679 3167 ss
701 3095 878 3169 ὀρινομένων]
898 3116 981 3152 verum
999 3101 1153 3166 scripturum
1165 3117 1238 3167 quem

168 3172 320 3222 confirmant
337 3170 382 3221 elii
395 3169 527 3220 Plutarchi
545 3170 597 3220 1υοί
616 3168 778 3232 tremotis
797 3176 967 3222 servaverunt
985 3169 1056 3220 τυδδ.
1071 3169 1143 3218 unius
1155 3168 1239 3220 Theo·

168 3240 260 3291 doreti.
304 3228 466 3307 ὀρινόμεναι
492 3239 563 3288 codd.
581 3237 687 3304 Eusebii
714 3245 740 3288 et
768 3238 851 3289 nostri
938 3238 952 3288 8
979 3237 1037 3304 θερί
1059 3236 1132 3287 berb.
1149 3237 1236 3289 Ambr.

168 3309 183 3358 9
203 3308 343 3360 τελεῖσθαι
361 3307 495 3358 Eusebius.
525 3305 711 3368 ἐπιτελεῖσθαι
722 3306 913 3369 Tbeuduretus3
932 3314 1037 3357 uterus
1055 3306 1175 3372 μειλίχια
1193 3306 1239 3358 καί

169 3377 276 3428 omittit.
312 3376 396 3429 τελεῖν
411 3376 504 3426 'nostri
532 3383 636 3442 praeter
658 3374 731 3425 barb.
755 3376 798 3441 qui
825 3375 972 3427 λυσιτελεῖν
991 3322 1009 3440 λΙ
1039 3374 1086 3423 καὶ
1112 3375 1185 3425 deest
1211 3376 1237 3425 iu

170 3444 276 3496 Eusebii
295 3445 365 3496 ουδδ.
385 3445 521 3510 uiseretque
539 3445 565 3498 iu
584 3443 754 3494 eodiueuude
766 3459 812 3495 suu
824 3443 963 3510 exscripsit
974 3442 1160 3494 Tbeuduretus.
1187 3441 1238 3494 iste

170 3514 236 3565 euim
254 3514 317 3564 buee
335 3514 372 3564 itu
390 3514 434 3580 vel
453 3512 517 3575 legit
534 3513 578 3565 vel
594 3511 702 3575 legenda
716 3527 772 3564 esse
786 3513 886 3563 censuit
898 3512 1082 3578 παραμυθίας
1093 3511 1140 3576 τῆς
1151 3508 1238 3563 πάλαι

169 3581 350 3649 ποιουμένους
375 3575 615 3654 ἀνθρωποθυσίας.
649 3578 727 3631 Plure
754 3598 803 3631 uun
830 3582 908 3644 uitet3
935 3581 958 3631 si
987 3580 1095 3631 eitusset
1120 3573 1155 3643 ἢν
1180 3585 1239 3646 μυεῖ

169 3648 402 3722 ἀνθρωποθυσίας
436 3651 591 3701 inseruisset
682 3650 713 3699 10
747 3649 908 3717 τελουμίυας
942 3663 988 3714 pru
1023 3649 1187 3714 ποιουμένας
1222 3665 1238 3699 v

171 3720 200 3771 11
223 3709 315 3788 μάτην
338 3720 409 3771 Berb.
429 3720 514 3769 rimbr.
535 3717 594 3781 soii,
621 3724 649 3767 ut
677 3719 788 3786 videtur,
815 3708 907 3785 μάχην
925 3718 983 3768 rell.
1014 3717 1023 3785 11
1053 3711 1088 3768 ἀν
1112 3713 1238 3783 ἐδέχοντο

170 3787 310 3839 Eusebius:
333 3783 478 3856 ἀνέχονται
496 3787 577 3838 nostri
632 3787 662 3838 12
681 3780 771 3840 αὐτῶν
782 3787 868 3839 Ambr.
884 3803 897 3837 v
912 3785 964 3837 ΡΑ
1022 3785 1049 3836 13
1068 3786 1238 3854 καταργκαλ

169 3869 217 3924 σφ.
228 3855 368 3908 Eusebius:
387 3853 449 3924 ἀρχ.
468 3856 514 3906 καλ
531 3851 712 3924 φυλάττοντες
729 3855 812 3906 nostri
867 3855 896 3906 15
915 3852 1192 3909 ίνίοιςΒειοετδοΙτῖεε
1209 3852 1239 3903 ἐν

170 3928 224 3982 τοῖς
245 3925 317 3976 τοδδ.
336 3926 441 3976 Eusebii
465 3926 577 3991 (praeter
600 3939 622 3974 ε.
641 3926 658 3974 h
679 3926 721 3991 qui
744 3932 865 3989 corrupte
888 3923 1030 3985 exhiberet:
1058 3923 1145 3979 ἐνίους
1163 3922 1236 3972 Burb.

170 3991 250 4046 ἐνίων
268 3994 326 4045 τελλ.
390 3996 420 4046 18
440 3990 510 4043 οότω
529 3985 661 4049 πολλάκις
673 3992 747 4043 Burb.
761 3993 846 4043 Ambr.
866 4008 922 4043 cum
933 3989 1059 4041 Eusebio:
1077 3984 1160 4048 οὕτως
1178 3991 1237 4040 rell.

172 4062 203 4111 λθ
221 4061 283 4113 Post
309 4057 415 4129 σώματι
433 4058 555 4129 (σώμασι
575 4063 599 4124 v)
619 4062 735 4112 iuseruut
764 4076 849 4111 omnes
877 4060 960 4111 nostri
979 4067 1082 4126 praeter
1101 4058 1173 4111 Burb.
1192 4059 1238 4111 καὶ

171 4127 215 4182 διὰ
232 4124 370 4200 σωμάτων
388 4125 493 4199 ὁμιλεῖν
511 4125 543 4180 οό
562 4126 711 4197 δυνάμενοι
729 4122 810 4202 ταότη
834 4127 843 4195 ΙΙ
868 4125 989 4199 ἀφορίαν
1007 4128 1092 4179 Ambr.
