2842 4724
296 305 338 368 52
721 301 771 351 m:
790 300 953 352 mmm
1296 315 1360 366 μοι

295 475 451 563 περιττῶν
472 499 491 559 η
516 480 611 561 χρεία
632 473 819 559 κρωβύλους
838 499 874 538 τε
892 477 1032 559 χρυσοῦς
1046 473 1172 566 ἀφῄρει
1186 475 1243 539 καὶ
1260 475 1360 549 ξυστί-

294 584 355 659 δας
377 579 527 667 μαλακάς
549 575 746 665 ἀπημφίαζε
767 582 825 643 καί
847 601 915 644 που
935 578 992 643 καλ
1010 571 1119 663 κύμην
1133 579 1361 664 σοβαρωτέραν

294 683 451 770 ἀπέκειρε
480 688 536 749 καὶ
560 681 704 749 ὑπέλυσε
725 679 905 765 κόθορνον,
939 678 978 748 ού
1001 680 1136 768 φαύλως
1158 679 1361 765 ἐθιζομένων

294 785 648 862 ἀντικαλλωπίζεσθαι
672 787 757 870 πρὸς
777 785 838 870 τὴν
858 784 1077 851 πολυτέλειαν
1090 781 1244 867 εύτελείᾳ
1258 785 1314 851 καλ
1327 770 1358 850 τί

294 892 415 979 ἀφελὲς
437 893 493 955 καὶ
516 890 609 956 λιτὸν
629 887 665 956 έν
687 888 802 975 κύσμῳ
824 893 991 955 τίθεσθαι
1013 887 1142 974 μᾶλλον
1164 880 1188 974 ἢ
1208 889 1248 954 τύ
1267 893 1381 972 σοβῶν

253 997 354 1082 Ερδν
387 996 443 1060 καὶ
477 997 665 1077 περίεργον·
701 989 785 1058 οὕτω
820 995 879 1057 τού
911 989 1014 1072 λύγου
1036 990 1361 1077 συμμεταβάλλοντος

294 1097 364 1184 ἅμα
396 1099 453 1163 καὶ
483 1097 790 1181 συναποδυομένου,
823 1099 943 1182 κατέβη
974 1096 1036 1181 μέν
1061 1092 1132 1162 ἀπὸ
1153 1097 1221 1161 τῶν
1243 1098 1361 1181 μέτρων

295 1199 407 1287 ῶσπερ
441 1196 618 1287 ὀχημάτων
651 1198 669 1286 ἡ
705 1197 837 1286 ἱστορία
869 1197 925 1265 καὶ
948 1201 995 1286 τῷ
1023 1196 1113 1286 πεζῷ
1139 1198 1290 1282 μάλιστα
1310 1198 1361 1265 τού

294 1304 477 1391 μυθῶδους
503 1300 674 1389 ἀπεκρίθη
701 1303 740 1368 τὸ
762 1300 902 1388 ἀληθές·
929 1303 1117 1388 φιλοσοφία
1138 1301 1178 1368 δὲ
1199 1303 1239 1368 τύ
1264 1301 1361 1390 σαφὲς

295 1409 351 1474 καὶ
385 1403 624 1474 διδασκαλικῶν
653 1404 875 1493 ἀσπασαμένη
904 1407 1033 1492 μᾶλλον
1059 1404 1079 1493 ἢ
1105 1407 1143 1472 τὸ
1170 1406 1360 1493 ἐκπλῆττον,
1370 1424 1391 1463 1⁰

295 1512 354 1577 διά
369 1510 477 1591 λόγων
492 1510 643 1575 ἐποιεῖτο
658 1510 718 1596 τήν
734 1509 882 1596 ζήτησιν·
905 1504 1086 1576 ἀπέπαυσε
1100 1509 1138 1575 δέ
1152 1509 1213 1596 την
1229 1513 1361 1576 Πυθίαν

295 1613 313 1681 ὁ
335 1614 417 1690 θεός
440 1612 641 1699 *πυρικάους
667 1613 729 1697 μέν
751 1609 983 1698 ὀνομάζουσαν
1003 1612 1080 1689 τούς
1101 1608 1204 1699 αύτῆς
1227 1613 1360 1688 πολίτας

296 1716 518 1805 *ὀφιοβόρους
541 1716 579 1782 δὲ
600 1717 676 1793 τούς
691 1716 906 1802 Σπαρτιάτας
926 1714 1083 1802 ’ἀρεῶναβ
1098 1715 1137 1782 δὲ
1150 1715 1230 1792 τούς
1245 1715 1360 1801 ἀνδρας

296 1819 501 1908 *ὀρεμπόταέ
524 1820 561 1885 δέ
582 1820 659 1897 τούς
682 1819 868 1904 ποταμούς·
896 1818 1030 1906 ἀφελῶν
1056 1819 1094 1884 δέ
1120 1818 1188 1885 τῶν
1213 1821 1360 1907 χρησμῶν

296 1925 360 2013 ἔπη
395 1926 451 1990 καὶ
481 1923 633 2005 γλώσσας
660 1925 716 1988 καὶ
740 1923 961 2008 περιφράσεις
982 1925 1039 1987 καὶ
1061 1919 1244 2008 ἀσάφειαν,
1281 1918 1387 1988 ούτωιι

295 2029 516 2109 διαλέγεσθαι
551 2024 780 2112 παρεσκεύασε
812 2037 884 2103 τοῖς
915 2029 1098 2113 χρωμένοις
1129 2021 1174 2103 ῶς
1208 2026 1307 2113 νόμοι
1332 2049 1360 2090 τε

254 2151 277 2200 F
296 2131 417 2199 πόλεσι
441 2132 654 2213 διαλέγονται
676 2131 731 2194 καὶ
754 2130 907 2214 βασιλεῖς
921 2127 1157 2213 ἐντυγχάνουσι
1173 2123 1296 2216 δήμοις
1310 2129 1359 2194 καί

296 2235 486 2320 καθηγηταί
508 2233 737 2300 διδασκαλιῶν
759 2231 951 2319 ἀκροάταις,
986 2232 1071 2319 πρὸς
1091 2232 1130 2298 τὸ
1153 2233 1290 2301 συνετὸν
1310 2231 1358 2297 καὶ

297 2337 451 2403 πιθανὸν
472 2335 718 2424 ἀρμοζύμενος.’

382 2462 433 2523 25.
466 2457 519 2524 Ἐὖ
551 2459 614 2543 γάρ
648 2458 774 2523 είδέναι
806 2460 867 2544 χρη
902 2459 959 2523 τὸν
988 2456 1083 2535 θεῶν,
1118 2454 1162 2534 ῶς
1190 2475 1275 2544 φησι
1302 2463 1388 2522 Σο-’ί

298 2562 435 2648 φοκλῆς,
459 2578 502 2634 (τε.
513 2581 552 2621 τοι
564 2578 590 2634 ο)

440 2675 572 2750 ισοφοῖς
593 2665 655 2750 μὲν
677 2666 849 2750 αἰνικτῆρα
872 2663 1055 2750 θεσφάτων
1076 2662 1142 2743 ἀεί,

440 2780 572 2845 σκαιοῖς
593 2768 631 2834 δὲ
654 2769 783 2854 φαύλου
805 2765 866 2832 κάν
889 2769 1005 2852 βραχεῖ
1026 2766 1253 2834 διδάσκαλον.’

226 2887 277 2940 407
297 2872 381 2956 μετὰ
412 2870 450 2937 δὲ
483 2874 540 2958 τῆς
574 2875 756 2957 σαφηνείας
787 2874 843 2936 καὶ
872 2869 890 2957 ἡ
919 2876 1033 2948 πίστις
1062 2867 1165 2947 οὕτως
1192 2871 1360 2958 ἐστρέφετο

297 2974 616 3060 συμμεταβάλλουσα
637 2987 708 3049 τοῖς
724 2974 836 3050 ἄλλοις
852 2974 1060 3061 πράγμασιν,
1085 2970 1168 3039 ῶστε
1184 2973 1293 3040 πάλαι
1308 2973 1361 3060 μέν
1371 2989 1390 3027 ²⁵

296 3080 333 3143 τὸ
356 3080 400 3164 μη
424 3079 570 3164 σύνηθες
593 3078 675 3162 μηδὲ
698 3080 812 3144 κοινὸν
832 3074 918 3143 ἀλλὰ
932 3079 1028 3154 λοξὸν
1043 3077 1184 3159 ἀτεχνῶς
1199 3080 1256 3143 καὶ
1273 3101 1361 3162 περι-

297 3185 533 3268 πεφρασμένον
564 3183 612 3256 ελς
640 3179 804 3247 ύιιόνοιαν
825 3181 1000 3267 θειότητος
1023 3179 1205 3262 ἀνάγοντας
1228 3180 1361 3269 ἐκπλητ-

298 3290 420 3350 τεσθαι
444 3288 500 3350 καὶ
524 3289 687 3368 σέβεσθαι
710 3287 785 3361 τούς
807 3285 965 3361 πολλούς·
989 3281 1126 3369 ὕστερον
1147 3283 1184 3349 δέ
1199 3287 1236 3350 τὸ
1253 3286 1362 3371 σαφῶς

297 3390 353 3453 καὶ
385 3389 509 3474 ῥᾳδίως
543 3394 663 3453 ἕκαστα
697 3391 752 3452 καὶ
787 3389 832 3474 μὴ
866 3391 926 3454 σύν
959 3383 1047 3474 δγκῳ
1080 3388 1164 3474 μηδὲ
1194 3387 1361 3474 πλάσματι

297 3491 489 3577 μανθάνειν
527 3489 720 3570 ἀγαπῶντες
756 3489 895 3583 ᾐτιῶντο
931 3493 990 3577 την
1027 3495 1261 3577 περικειμένην
1296 3501 1392 3566 τοῖςν

384 3707 399 3756 6
418 3701 536 3761 ούτωςΕ
550 3703 620 3825 Ιηιιοῠ
637 3701 721 3787 λόγου
740 3705 882 3783 Leonicps:
901 3707 938 3773 τῷ
955 3700 1029 3773 λόγῳ
1076 3707 1103 3757 11
1124 3699 1169 3754 διά
1186 3694 1279 3773 λογων
1289 3705 1362 3759 ἐαοι·

299 3790 352 3826 ειιο
369 3771 417 3839 τὴν
435 3765 543 3838 ζήτησιν
577 3774 663 3824 oiske:
681 3791 730 3838 τιμ
748 3771 794 3824 διὰ
813 3765 903 3840 λόγων
920 3766 1160 3854 έποιεῖτοζητησιν
1208 3777 1236 3824 13
1256 3775 1362 3827 Consule

299 3844 329 3892 de
349 3843 417 3893 hisee
438 3842 702 3905 nominibusbobeek,
724 3843 846 3921 ΑηΙοορΙι.
866 3844 959 3909 μδέῧ
984 3843 1128 3895 Nescioan
1148 3836 1363 3914 οοοιδφιοβόροι

299 3911 451 3962 conferenda
470 3913 505 3961 sit
525 3926 575 3960 vox
594 3881 738 3960 οοεοσι·ιί’
725 3929 773 3979 οφι
778 3913 904 3976 ηβοοΓη
897 3929 922 3961 ιιι
942 3912 1018 3961 titulo
1037 3913 1089 3961 Coo
1107 3911 1200 3963 metri
1195 3930 1217 3960 ·o
1233 3920 1313 3994 ¹(num.
1332 3911 1362 3963 58

299 3980 416 4059 εχιίίοριιι
435 3982 516 4040 meae)
563 3981 592 4031 15
612 3973 697 4034 οὕτως
719 3980 736 4028 E
780 3987 807 4030 Ιε
826 3976 1038 4031 διδασκαλιων
1024 3974 1170 4063 ακροάταις
1187 3983 1295 4065 scripsi:
1325 3981 1362 4032 δι·

300 4044 605 4117 δαςκαλωνάκροῶνται
648 4048 679 4096 23
682 4047 811 4124 βραχὺΒ
854 4046 1180 4108 26ἀλλάλοξόνίίείεὶοε
1199 4049 1258 4101 ἀλλ’
1268 4046 1363 4113 ἀδοξοτ

301 4116 330 4163 ’ὶῑ
351 4119 492 4180 θείοτηιος
511 4117 608 4183 λέκιμῑ
627 4111 687 4165 ὁσιιι
662 4134 767 4180 ιιιμος
