2872 4710
281 291 323 357 82
692 286 742 341 οε
761 285 936 342 nmmo
1280 306 1351 359 ,ιιι

278 463 418 552 ήσυχλαν
439 464 570 547 ἔχοντα,
592 468 748 551 νηνεμίας
771 464 808 530 δὲ
830 464 886 529 καλ
909 461 1050 550 γαλήνης
1072 464 1150 550 περὶ
1169 464 1230 531 τόν
1243 464 1351 532 τόπον

279 573 466 655 γενομένης,
501 567 654 635 ἀνειπεῖν
677 566 694 634 ό
717 568 863 656 ἤκουσεν.
910 563 955 643 ῶς
978 564 1035 633 οὖν
1057 567 1185 648 ἐγένετο
1207 570 1293 633 κατὰ
1315 572 1351 634 τό

281 672 455 750 Παλῶδες,
498 671 573 738 οὔτε
614 671 798 757 πνεύματος
840 671 933 748 ὄντος
974 669 1050 737 οὔτε
1088 669 1269 750 κλύδωνος,
1317 673 1351 737 ἐκ

279 776 428 862 πρύμνης
462 774 628 859 βλέποντα
660 775 718 842 τόν
750 778 888 858 Θαμοῦν
921 775 1005 859 πρὸς
1038 777 1096 859 τῆν
1128 777 1189 858 γῆν
1223 777 1349 852 εἰπεῖν,

233 896 258 945 D
279 876 390 964 ῶσπερ
412 878 563 964 ῆκουσεν,
592 876 643 945 ὅτι
667 877 696 944 6ὁ
718 881 818 963 μέγας
840 879 913 943 Πάν
934 880 1113 963 τέθνηκεν’.
1152 875 1190 943 οὐ
1214 879 1374 963 φθῆναιε

278 983 315 1047 δὲ
338 980 553 1069 παυσάμενον
575 981 688 1060 αὐτόν,
712 984 767 1046 καὶ
790 985 949 1062 γενέσθαι
973 984 1077 1066 μέγαν
1097 978 1156 1062 οὐχ
1177 980 1251 1058 ἑνός
1265 979 1352 1046 ἀλλὰ

279 1086 412 1153 πολλῶν
441 1087 622 1173 στεναγμόν
649 1082 719 1172 ἅμα
744 1087 940 1171 θαυμασμῷ
968 1089 1178 1170 μεμιγμένον.
1228 1085 1287 1151 οἷα
1314 1087 1351 1151 δὲ

278 1190 413 1256 πολλῶν
434 1189 627 1275 ἀνθρώπων
651 1189 838 1275 παρόντων,
871 1190 953 1270 ταχυ
980 1190 1037 1255 τόν
1059 1188 1159 1270 λόγον
1180 1190 1216 1254 ἐν
1240 1189 1349 1277 6Ρῶμη

278 1294 522 1380 σκεδασθῆναι,
546 1295 601 1359 καλ
621 1296 680 1360 τὸν
696 1294 836 1378 Θαμοῦν
850 1297 1011 1374 γενέσθαι
1027 1293 1266 1379 μετάπεμπτον
1282 1294 1349 1360 ὑπὸ

283 1402 439 1483 Τιβερίου
465 1402 643 1483 Καίσαρος.
688 1394 772 1463 οὕτω
806 1397 844 1461 δὲ
879 1400 1058 1462 πιστεῦσαι
1091 1400 1137 1484 τῷ
1169 1396 1256 1484 λόγῳ
1292 1401 1384 1466 τδνιο

283 1501 449 1585 Τιβέριον,
488 1498 570 1567 ῶστε
605 1501 907 1568 διαπυνθάνεσθαι
945 1502 1000 1566 καὶ
1040 1500 1147 1586 ζητεῖν
1179 1503 1260 1588 περὶ
1292 1506 1349 1569 τοῦ

282 1605 404 1682 Πανός·
436 1604 579 1680 εἰκάζειν
606 1606 643 1670 δὲ
666 1606 740 1681 τούς
763 1606 841 1687 περὶ
864 1603 965 1671 αὐτόν
987 1604 1187 1691 φιλολόγους
1211 1606 1350 1687 συχνούς

278 1708 377 1786 ὄντας
398 1710 456 1776 τόν
477 1711 513 1785 ἐξ
531 1709 651 1795 Ἑρμοῦ
677 1710 733 1774 καλ
757 1707 954 1794 Πηνελόπης
976 1712 1208 1795 γεγενημένον]
1248 1706 1266 1775 δ
1291 1711 1351 1796 μὲν

278 1810 337 1879 οὖν
360 1815 534 1890 Φίλιππος
564 1817 631 1895 εἶχε
661 1814 717 1877 καὶ
751 1815 815 1878 τῶν
843 1812 1016 1897 παρόντων
1038 1813 1145 1889 ἐνίους
1167 1810 1347 1900 μάρτυρας,

278 1919 490 2003 Αἰμιλιανοῦ
511 1919 569 1984 τοῦ
592 1922 742 2000 γέροντος
765 1914 957 2002 ἀκηκοότας.
1208 1992 1212 1997 .
1362 1950 1385 1989 ις

366 2025 414 2087 18.
444 2020 479 2086 ‘0
502 2023 540 2087 δὲ
561 2019 804 2086 ΔΗΜΗΤΡΙΟΣ
832 2020 893 2106 ἔφη
922 2023 990 2086 τῶν
1017 2020 1096 2107 περὶ
1123 2021 1180 2106 τήν
1202 2027 1348 2105 Βρεττα-

236 2146 260 2195 Ε
279 2130 355 2192 νίαν
387 2125 495 2212 νήσων
530 2130 617 2192 εἶναι
647 2125 774 2201 πολλάς
803 2124 943 2209 ἐρήμους
970 2124 1155 2207 σποράδας,
1191 2119 1236 2189 ῶν
1259 2122 1350 2202 ἐνίας

278 2229 449 2314 δαιμόνων
482 2231 537 2293 καὶ
569 2227 684 2314 ήρῶων
717 2227 961 2315 ὀνομάζεσθαι·
1003 2229 1146 2294 πλεῦσαι
1178 2228 1217 2292 δὲ
1250 2226 1348 2305 αὐτὸς

279 2331 426 2417 ἱστορίας
460 2333 516 2396 καὶ
547 2336 633 2407 θέας
667 2338 761 2398 ἕνεκα
794 2335 915 2423 πομπῆ
946 2334 1005 2397 τοῦ
1033 2332 1197 2415 βασιλέως
1221 2335 1269 2408 ελς
1292 2334 1349 2419 τήν

279 2435 413 2516 ἔγγιστα
435 2440 583 2521 κειμένην
604 2437 669 2501 τῶν
691 2435 832 2521 ἐρήμων,
856 2436 998 2518 ἔχουσαν
1021 2434 1059 2501 οὐ
1082 2434 1227 2511 πολλοὺς
1249 2436 1347 2502 ε’ποι-
1360 2459 1383 2498 ιο

278 2541 415 2614 κοῦντας
445 2537 551 2623 ἱεροὺς
574 2539 611 2604 δὲ
634 2540 689 2603 καὶ
712 2538 854 2616 ἀσύλους
877 2538 1004 2616 πάντας
1027 2538 1093 2604 ὑπὸ
1116 2542 1181 2605 τῶν
1203 2546 1347 2624 Βρεττα-

277 2645 342 2708 νῶν
357 2643 463 2719 όντας.
498 2641 700 2729 ἀφικομένου
716 2644 736 2709 δ
742 2643 749 2664 '
766 2642 868 2710 αάτοῦ
883 2648 1014 2722 νεωστί,
1031 2643 1188 2726 σόγχυσιν
1202 2645 1349 2730 μεγάλην

279 2749 355 2831 περὶ
377 2747 436 2813 τὸν
458 2747 539 2833 ἀέρα
562 2748 618 2811 καὶ
641 2748 821 2836 διοσημίας
843 2748 970 2824 πολλὰς
992 2752 1152 2828 γενέσθαι
1176 2749 1232 2811 καλ
1247 2747 1347 2816 πνεό-

277 2875 366 2934 ματα
391 2854 636 2936 καταρραγῆναι
659 2853 714 2916 καλ
739 2863 855 2917 πεσεῖν
878 2855 1079 2937 πρηστῆρας
1113 2851 1188 2915 ἐπεὶ
1212 2851 1245 2916 δ’
1270 2852 1349 2917 ἐλῶ·

277 2974 374 3039 φησε,
409 2956 517 3034 λέγειν
549 2955 625 3030 τούς
657 2954 821 3040 νησιῶτας
853 2951 903 3020 ὅτι
937 2957 1002 3020 τῶν
1029 2954 1231 3039 κρεισσόνων
1257 2957 1383 3030 τινὸςιε

277 3058 427 3143 ἔκλειψις
457 3064 597 3140 γήγονεν.
644 3058 698 3135 ίῶς
729 3060 792 3143 γάρ
824 3057 941 3140 λόχνος
974 3056 1210 3144 ἀναπτόμενος’
1241 3056 1348 3142 φάνα,

277 3162 398 3228 ίδεινόν
421 3160 517 3228 οὐδὲν
540 3163 605 3243 ἔχει
630 3161 846 3247 σβεννύμενος
869 3163 906 3227 δὲ
927 3162 1066 3238 πολλοῖς
1081 3162 1226 3247 λυπηρός
1242 3163 1347 3238 ἐστιν,

236 3277 259 3328 F
279 3263 380 3340 οὕτως
404 3264 439 3329 αλ
462 3265 603 3348 μεγάλαι
626 3268 731 3351 ψυχαὶ
754 3267 812 3341 τάς
827 3267 887 3350 μὲν
904 3264 1114 3352 ἀναλάμψεις
1128 3264 1277 3349 εὐμενεῖς
1292 3269 1347 3332 καὶ

276 3366 426 3445 ἀλόπους
449 3369 594 3450 ἔχουσιν,
625 3369 661 3433 αλ
685 3371 722 3434 δὲ
745 3373 875 3453 σβέσεις
897 3367 1005 3435 αὐτῶν
1028 3372 1083 3433 καὶ
1106 3372 1237 3454 φθοραὶ
1262 3369 1346 3436 πολ-

275 3471 369 3548 λάκις
390 3477 462 3557 μέν,
486 3471 531 3549 ῶς
553 3477 637 3551 νυνί,
666 3471 840 3557 πνεόματα
863 3474 918 3537 καὶ
943 3473 1040 3549 ζάλας
1062 3478 1234 3558 τρέφουσι,
1258 3472 1344 3538 πολ·
1358 3501 1381 3540 ει

276 3665 579 3678 ΝΜΛΛΛΛΛΛᾹΛΛΛΛΙΜΛΜΛΛΝΜ
588 3668 597 3677 ι,
602 3668 627 3677 ml·
634 3668 640 3673 “
645 3668 687 3679 ινυῃ*
692 3667 841 3679 ΑΛΛΑΛΛΛΙΙΛΛΛ
845 3668 927 3680 *mv-2
932 3668 971 3679 -rm
975 3668 1019 3680 *ΛΑ*
1024 3667 1074 3679 *xl-*VM
1079 3666 1083 3670 “
1091 3664 1341 3679 ν*Λι-ἉΛΛΛΝΝΛΛΛΛΛΛΛΛΛΑΛ

361 3793 376 3840 5
389 3785 453 3842 Πολν
464 3786 479 3842 ὁ
491 3808 521 3858 μ.
532 3789 655 3841 Eusebius
696 3793 726 3842 14
739 3794 784 3845 καλ
797 3810 843 3844 om.
855 3792 948 3844 Euseb.
986 3793 1016 3844 15
1027 3791 1200 3859 Αἰμιλιανοῦ
1209 3790 1346 3861 -Δημῆ

275 3875 348 3978 λλόλ
370 3859 655 3994 λὛλλόλιλιλλλίι
700 3862 899 3983 ἀλιλολλῆῖτ
915 3861 1101 3980 mamm
1126 3861 1344 3997 Zofflffiufi

276 3945 438 4063 διοσήήιλλάς
455 3998 516 4048 libri
587 3998 618 4048 26
637 3946 804 4080 φᾶλιιαλλίἀοί
824 3969 925 4066 ρτλοῑεο
945 3998 1064 4049 v1ssarb.
1101 3967 1106 3979 ι
1134 3968 1166 4049 λθ
1193 3968 1346 4067 ἀναλήψεις

276 4066 384 4185 ἵοβιφίλι.
399 4067 481 4117 Ατολιο.
497 4066 524 4118 F.
564 4061 713 4175 ιἰναλιιηλειςι
727 4068 782 4121 Pet.
853 4068 886 4120 30
903 4067 1035 4136 τρέφουσι
1052 4067 1191 4120 Eusebius:
1210 4069 1345 4141 τρέπουσι
