2842 4724
202 298 264 363 118
611 294 658 344 σε
679 291 852 344 υυυυοευ
1195 308 1263 359 μμ

199 471 350 538 κάκεῖνον
383 468 483 536 αὐτὸν
511 468 570 557 τήν
597 493 632 533 τε
662 472 790 534 θυσίαν
819 467 985 534 ἐπιτελεῖν
1015 467 1072 531 καὶ
1102 470 1265 550 σέβεσθαι

199 576 257 642 διὰ
278 576 391 652 τέλους
412 576 470 641 τὸν
494 569 645 659 Μύψον.’

284 708 334 770 46.
364 700 400 768 Ὁ
429 702 490 787 μὲν
518 698 577 767 οὖν
601 693 792 787 Δημήτριος
818 699 910 765 ταῦτ’
938 697 1044 764 εἰπών
1066 696 1265 782 ἐσιώπησεν·

157 809 262 891 Ρέγοί
296 809 333 873 δέ
366 806 567 892 βουλόμενος
601 801 712 888 ὥσπερ
741 828 774 868 τι
805 802 989 889 κεφάλαιον
1018 801 1198 867 ἐπιθεῖναι
1224 801 1268 887 τῷ

200 913 302 999 λόγῳ,
346 913 430 993 πρὸς
466 911 523 976 τὸν
558 908 735 975 Φίλιππον
771 903 875 983 αὖθις
908 904 1088 991 ἀπέβλεψα
1122 905 1180 969 καί
1213 903 1291 969 τόνο

195 1012 383 1102 ’Λμμοίνιον
409 1012 492 1099 ὁμοῦ
515 1017 733 1099 καθημένους.
778 1011 897 1086 ἔδοξαν
919 1007 978 1076 οὖν
999 1033 1057 1095 μοι
1080 1008 1268 1092 βούλεσθαί

199 1147 231 1186 τι
266 1121 490 1205 διαλεχθῆναι
522 1118 577 1181 καὶ
609 1117 714 1183 πάλιν
745 1114 896 1196 ἀπέσχον.
941 1111 960 1180 ύ
988 1114 1022 1178 δ’
1044 1110 1269 1180 ΑΜΜΩΝΙΟΣ

199 1218 281 1306 ιἔχει
310 1224 381 1307 μέν’
413 1221 475 1306 ἔιγη
506 1218 578 1285 όκαί
603 1220 790 1296 Φίλιππος,
826 1215 851 1282 ὦ
877 1222 1058 1302 Λαμπρία,
1093 1215 1173 1301 περὶ
1206 1218 1269 1282 τῶν

202 1329 382 1411 εἰρημένων
404 1326 528 1389 εἰπεῖν·
552 1327 658 1388 οίεται
680 1323 742 1409 γάρ
766 1318 878 1408 ὥσπερ
902 1319 934 1386 οἰ
957 1318 1078 1387 πολλοὶ
1099 1321 1156 1384 καί
1171 1317 1270 1396 αὐτὸς

202 1428 261 1511 οὐχ
289 1434 398 1512 ἕτερον
426 1431 512 1493 εἰναι
534 1427 591 1493 τὸν
609 1424 802 1491 Ἀπόλλωνα
825 1424 910 1491 θεὸν
931 1423 1015 1490 ἀλλὰ
1037 1423 1085 1510 τῷ
1108 1422 1192 1511 η’λίῳ
1214 1424 1270 1489 τὸν
1281 1443 1303 1480 1⁰

130 1537 183 1592 435
203 1531 311 1599 αὐτόν.
349 1531 369 1618 ἦ
392 1532 428 1596 ‹5’
451 1531 512 1616 ἐμὴ
535 1529 657 1615 μείζων
679 1527 806 1613 ἀπορία
829 1529 979 1615 καὶπερὶ
995 1527 1173 1614 μειζόνων·
1197 1527 1269 1613 ἀρτι

201 1636 262 1722 γὰρ
287 1633 344 1701 οάκ
368 1636 434 1701 οἶδ’
458 1631 550 1710 ὅπως
572 1635 618 1719 τῷ
640 1634 727 1720 λόγῳ
748 1633 1030 1719 παρεχωρήσαμεν
1050 1635 1085 1697 ἐκ
1099 1634 1166 1698 τῶν
1181 1633 1269 1697 θεῶν

201 1741 260 1826 τὴν
286 1739 443 1825 μαντικὴν
465 1739 498 1814 ές
521 1738 683 1822 δαίμονας
704 1738 797 1812 τινὰς
820 1734 962 1818 ἀτεχνῶς
984 1733 1269 1822 ἀποδιοπομπου-

202 1849 299 1930 μένῳ.
354 1843 426 1910 νυνί
463 1843 501 1907 δέ
537 1864 595 1926 μοι
633 1841 794 1925 δοκοῦμεν
831 1838 949 1916 αὐτούς
986 1838 1090 1905 πάλιν
1124 1840 1269 1915 ἐκείνους

202 1948 345 2023 ἐξωθεῖν
373 1947 429 2011 καί
452 1943 652 2011 ἀπελαύνειν
674 1944 811 2010 ένθένδε
833 1946 891 2010 τοῦ
912 1948 1110 2030 χρηστηρίου
1133 1945 1189 2008 καὶ
1211 1942 1270 2010 τού
1282 1965 1303 2004 ιε

202 2052 374 2139 τρίποδος,
398 2053 446 2126 εἰς
468 2047 639 2135 πνεύματα
661 2048 717 2113 καὶ
740 2047 863 2133 ἀτμούς
878 2050 933 2111 καί
950 2045 1198 2132 ἀναθυμιάσεις
1212 2047 1270 2133 την

202 2158 259 2242 τῆς
282 2157 439 2240 μαντικῆς
461 2151 562 2239 ἀρχὴν
584 2152 710 2238 μᾶλλον
732 2153 769 2218 δὲ
790 2152 849 2239 την
872 2148 990 2218 οὐσίαν
1012 2149 1114 2232 αὐτην
1135 2152 1193 2216 καί
1212 2152 1270 2237 την

204 2258 346 2343 δύναμιν
373 2255 578 2332 ἀναλύοντες.
622 2254 658 2319 αἱ
679 2256 742 2338 γὰρ
765 2258 934 2341 εἰρημέναι
958 2254 1089 2341 κράσεις
1112 2253 1170 2319 καί
1191 2257 1270 2340 θερ-

204 2360 340 2448 μότητες
362 2354 460 2424 αὗται
484 2359 539 2423 καὶ
563 2358 757 2442 στομοίσεις,
780 2356 848 2445 ὅσῳ
872 2357 998 2443 μᾶλλον
1019 2356 1270 2444 <ἀνθρωπίνοις

203 2463 333 2528 έοίκασι
364 2458 516 2525 πάθεσιν
544 2456 689 2546 τοσούτῳ
720 2460 866 2545 μάλλαν>
890 2459 1061 2541 ἀπάγουσι
1089 2461 1148 2546 την
1171 2459 1271 2536 δόξαν
1284 2487 1306 2525 ιο

204 2563 272 2632 ἀπὸ
295 2567 360 2630 τῶν
381 2567 472 2629 θεῶν
494 2568 550 2628 καί
573 2587 648 2628 τινα
669 2564 821 2629 τοιοῦτον
843 2561 1074 2648 ὑποβάλλουσι
1088 2566 1146 2650 τῆς
1161 2567 1271 2640 αἰτίας

164 2666 443 2753 Βέπιλογισμόν,
475 2673 536 2753 οίῳ
567 2677 662 2735 ποιεῖ
690 2666 748 2732 τὸν
779 2667 947 2732 Κύκλωπα
976 2666 1143 2754 χροίμενον
1171 2666 1271 2756 Εύρι-

206 2774 320 2858 πέδης,
351 2789 481 2843 (ουσία)

348 2873 384 2963 ιἡ
405 2878 446 2960 γῆ
469 2875 504 2940 δ’
526 2871 663 2959 ἀνάγκη,
687 2873 748 2941 κάν
769 2873 855 2960 θέλῃ
879 2873 940 2941 κάν
962 2876 1005 2960 μη
1028 2875 1128 2962 θέλη,

348 2983 505 3045 τίκτουσα
527 2982 631 3044 ποίαν
652 2976 742 3064 τάμὰ
765 2983 895 3044 πιαίνει
918 2978 1021 3063 βοτοί.1
1285 2998 1308 3038 ιι

208 3118 294 3197 πλην
325 3118 450 3193 ἐκεῖνος
479 3118 539 3203 μέν
568 3116 608 3182 ού
637 3135 720 3203 ιγησι
744 3116 842 3183 θύειν
863 3129 935 3194 τοῖς
956 3122 1054 3194 θεοῖς
1076 3115 1145 3183 ἀλλ’
1168 3118 1274 3206 ἑαυτῷ

207 3223 263 3286 καὶ
292 3225 345 3314 ’τῇ
367 3226 504 3308 μεγίστη
526 3224 643 3306 γαστρὶ
667 3220 859 3307 δαιμόνων]
889 3220 983 3308 ἡμεῖς
1005 3222 1042 3287 δὲ
1067 3223 1122 3286 καί
1145 3221 1275 3307 θύομεν

295 3510 309 3560 8
333 3507 387 3578 ἔφη
408 3507 459 3578 μὲν
480 3508 537 3578 ἔχει
554 3511 626 3561 Βοείι.
645 3509 707 3578 (μὲν
725 3525 851 3575 ευρεεεοε.
865 3525 915 3561 sec.
928 3513 971 3575 m.)
990 3510 1076 3562 Ambr.
1149 3513 1179 3563 13
1198 3511 1275 3575 ιιυάς

208 3579 301 3630 habent
329 3579 379 3629 soli
407 3577 480 3629 Barb.
502 3578 588 3629 Ambr.
619 3577 628 3646 χΙ
662 3573 789 3645 ἀτέχνους
817 3580 904 3630 Αυιοε.
934 3575 943 3645 χΙ
980 3578 1275 3653 ἀποδιοπομπουμένῳ

208 3647 316 3699 Reiske:
344 3643 493 3716 -πούμενοι
519 3647 582 3698 libri
652 3649 683 3698 14
708 3647 828 3704 ἐκείνους
855 3649 939 3699 om.B
1011 3651 1041 3698 15
1067 3646 1169 3702 ἐνθάδε
1187 3654 1274 3705 Ambr.

212 3718 242 3768 19
261 3716 439 3793 δυρρίοιυειιῖε
457 3717 572 3781 lacunae,
598 3716 735 3767 εΙίεἰεΙιίο
754 3717 878 3781 signatae,
903 3733 959 3768 men
980 3725 1046 3782 sunt,
1072 3727 1175 3783 praeter
1194 3722 1274 3786 ipsius

208 3799 331 3851 τοσουτῳ
348 3782 462 3851 μᾶλλον.
498 3786 602 3837 Certum
620 3786 679 3849 λοες
703 3791 788 3836 cetera
806 3802 851 3852 pro
870 3786 980 3837 arbitrio
999 3787 1109 3848 legentis
1126 3790 1274 3855 supplenda.

208 3848 266 3920 ὅσῳ
283 3854 387 3922 μᾶλλον
403 3853 658 3922 κατηναγκασμέναι
675 3855 725 3904 εἰσι
742 3855 788 3904 καὶ
804 3858 934 3922 φυσικαῖς
950 3856 1050 3911 αἰτίαις
1066 3853 1204 3923 ἐγγίζουσι
1215 3873 1272 3911 τοσ.

208 3939 238 3988 μ.
251 3923 306 3989 ipse
318 3921 447 3986 ficimus,
466 3938 529 3988 quae
542 3925 637 3972 utinam
650 3923 832 3989 perpolivisset
845 3924 887 3973 vir
898 3939 1008 3974 summus
1055 3924 1085 3976 21
1106 3919 1185 3991 ὑποβ,
1200 3928 1273 3979 Barb.

208 3989 363 4067 lmfflrell.
395 3989 403 4058 Η
438 3992 486 4056 τῆς
513 3992 599 4069 αἰτίας
624 3990 694 4056 ἰπιβ.
712 3991 796 4041 Ambr.
868 3993 900 4042 25
927 3995 1046 4045 πιαίνειν
1064 3992 1205 4047 mvn.
1219 3997 1273 4048 Pet.

209 4057 241 4108 26
260 4063 339 4111 θυειν
356 4062 413 4115 τοῖς
430 4061 512 4122 θεοῖς]
530 4063 609 4111 θυειν
625 4062 699 4118 θεοῖς
712 4059 821 4124 ὓὶὶίιιιου,
839 4061 1019 4125 ΒοιυιιειίιΙιίε,
1037 4069 1112 4127 atque
1128 4062 1165 4114 ita
1179 4066 1274 4132 malim,

209 4127 254 4178 sed
272 4130 326 4184 τοῖς
345 4126 438 4177 habent
455 4129 495 4188 (ut
512 4129 625 4193 videtur)
643 4129 704 4179 libri
724 4144 809 4179 οιυυεε
827 4138 929 4196 praeter
947 4145 1021 4180 unum
1039 4130 1103 4182 Coll.
1116 4129 1183 4184 Nov.
