<?xml version="1.0" encoding="UTF-8"?>
<!DOCTYPE html PUBLIC "-//W3C//DTD XHTML 1.0 Transitional//EN"
    "http://www.w3.org/TR/xhtml1/DTD/xhtml1-transitional.dtd">
<html xmlns="http://www.w3.org/1999/xhtml" xml:lang="en" lang="en">
 <head>
  <title>
</title>
<meta http-equiv="Content-Type" content="text/html;charset=utf-8" />
  <meta name='ocr-system' content='tesseract 3.04.00' />
  <meta name='ocr-capabilities' content='ocr_page ocr_carea ocr_par ocr_line ocrx_word'/>
</head>
<body>
  <div class='ocr_page' id='page_1' title='image "./pythicidialogit00plutgoog_0152.png"; bbox 0 0 2842 4724; ppageno 0'>
   <div class='ocr_carea' id='block_1_1' title="bbox 175 306 1243 377">
    <p class='ocr_par' dir='ltr' id='par_1_1' title="bbox 175 306 1243 377">
     <span class='ocr_line' id='line_1_1' title="bbox 175 306 1243 377; baseline 0.007 -22"><span class='ocrx_word' id='word_1_1' title='bbox 175 325 250 377; x_wconf 50' lang='grc' dir='ltr'><strong><em>μοι</em></strong></span> <span class='ocrx_word' id='word_1_2' title='bbox 585 306 838 360; x_wconf 78' lang='lat' dir='ltr'>oeaounouuu</span> <span class='ocrx_word' id='word_1_3' title='bbox 1182 309 1243 374; x_wconf 87' lang='lat'><strong><em>113</em></strong></span> 
     </span>
    </p>
   </div>
   <div class='ocr_carea' id='block_1_2' title="bbox 131 479 1394 2333">
    <p class='ocr_par' dir='ltr' id='par_1_2' title="bbox 174 479 1394 882">
     <span class='ocr_line' id='line_1_2' title="bbox 264 479 1244 570; baseline 0.002 -24"><span class='ocrx_word' id='word_1_4' title='bbox 264 487 315 546; x_wconf 85' lang='grc'><strong>41.</strong></span> <span class='ocrx_word' id='word_1_5' title='bbox 350 479 448 567; x_wconf 67' lang='grc' dir='ltr'><strong><em>*Ἅμα</em></strong></span> <span class='ocrx_word' id='word_1_6' title='bbox 476 481 508 545; x_wconf 81' lang='grc' dir='ltr'><strong><em>δ’</em></strong></span> <span class='ocrx_word' id='word_1_7' title='bbox 532 481 573 548; x_wconf 88' lang='grc' dir='ltr'><strong><em>ἀν</em></strong></span> <span class='ocrx_word' id='word_1_8' title='bbox 593 507 644 558; x_wconf 92' lang='grc' dir='ltr'><strong><em>τις</em></strong></span> <span class='ocrx_word' id='word_1_9' title='bbox 667 481 726 548; x_wconf 89' lang='grc' dir='ltr'><strong><em>οῦκ</em></strong></span> <span class='ocrx_word' id='word_1_10' title='bbox 748 481 875 564; x_wconf 93' lang='grc' dir='ltr'><strong><em>ἀλόγως</em></strong></span> <span class='ocrx_word' id='word_1_11' title='bbox 898 483 954 548; x_wconf 78' lang='grc' dir='ltr'><strong><em>καὶ</em></strong></span> <span class='ocrx_word' id='word_1_12' title='bbox 976 481 1137 569; x_wconf 78' lang='grc' dir='ltr'><strong><em>ξηρότητα</em></strong></span> <span class='ocrx_word' id='word_1_13' title='bbox 1160 489 1244 570; x_wconf 94' lang='grc' dir='ltr'><strong><em>φαίη</em></strong></span> 
     </span>
     <span class='ocr_line' id='line_1_3' title="bbox 174 585 1246 674; baseline -0.001 -22"><span class='ocrx_word' id='word_1_14' title='bbox 174 587 261 672; x_wconf 89' lang='grc' dir='ltr'><strong><em>μετά</em></strong></span> <span class='ocrx_word' id='word_1_15' title='bbox 288 589 344 672; x_wconf 82' lang='grc' dir='ltr'><strong><em>τῆς</em></strong></span> <span class='ocrx_word' id='word_1_16' title='bbox 371 585 577 673; x_wconf 73' lang='grc' dir='ltr'><strong><em>θερμότητος</em></strong></span> <span class='ocrx_word' id='word_1_17' title='bbox 604 587 837 674; x_wconf 78' lang='grc' dir='ltr'><strong><em>ἐγγιγνομένην</em></strong></span> <span class='ocrx_word' id='word_1_18' title='bbox 859 585 1032 654; x_wconf 77' lang='grc' dir='ltr'><strong><em>λεπτύνειν</em></strong></span> <span class='ocrx_word' id='word_1_19' title='bbox 1054 589 1091 653; x_wconf 83' lang='grc' dir='ltr'><strong><em>τό</em></strong></span> <span class='ocrx_word' id='word_1_20' title='bbox 1114 591 1246 672; x_wconf 91' lang='grc' dir='ltr'><strong><em>πνεῦμα</em></strong></span> 
     </span>
     <span class='ocr_line' id='line_1_4' title="bbox 175 685 1244 778; baseline 0 -23"><span class='ocrx_word' id='word_1_21' title='bbox 175 691 234 755; x_wconf 77' lang='grc' dir='ltr'><strong><em>καὶ</em></strong></span> <span class='ocrx_word' id='word_1_22' title='bbox 268 702 382 757; x_wconf 72' lang='grc' dir='ltr'><strong><em>ποιεῖν</em></strong></span> <span class='ocrx_word' id='word_1_23' title='bbox 414 685 600 777; x_wconf 72' lang='grc' dir='ltr'><strong><em>αἰθερῶδες</em></strong></span> <span class='ocrx_word' id='word_1_24' title='bbox 633 692 688 755; x_wconf 80' lang='grc' dir='ltr'><strong><em>καὶ</em></strong></span> <span class='ocrx_word' id='word_1_25' title='bbox 718 690 881 777; x_wconf 87' lang='grc' dir='ltr'><strong><em>καθαρόν·</em></strong></span> <span class='ocrx_word' id='word_1_26' title='bbox 915 688 1029 777; x_wconf 63' lang='grc' dir='ltr'><strong><em>“αύγη“’</em></strong></span> <span class='ocrx_word' id='word_1_27' title='bbox 1059 689 1121 778; x_wconf 86' lang='grc' dir='ltr'><strong><em>γαρ</em></strong></span> <span class='ocrx_word' id='word_1_28' title='bbox 1151 691 1244 778; x_wconf 69' lang='grc' dir='ltr'><strong><em>’ξηρη</em></strong></span> 
     </span>
     <span class='ocr_line' id='line_1_5' title="bbox 175 791 1394 882; baseline 0.002 -24"><span class='ocrx_word' id='word_1_29' title='bbox 175 795 269 880; x_wconf 80' lang='grc' dir='ltr'><strong><em>ψύχη</em></strong></span> <span class='ocrx_word' id='word_1_30' title='bbox 295 791 463 881; x_wconf 82' lang='grc' dir='ltr'><strong><em>(ἀρίστη&gt;’</em></strong></span> <span class='ocrx_word' id='word_1_31' title='bbox 492 796 572 858; x_wconf 78' lang='grc' dir='ltr'><strong><em>καθ’</em></strong></span> <span class='ocrx_word' id='word_1_32' title='bbox 597 792 815 882; x_wconf 79' lang='grc' dir='ltr'><strong><em>Ἡράκλειτον.</em></strong></span> <span class='ocrx_word' id='word_1_33' title='bbox 860 793 996 881; x_wconf 82' lang='grc' dir='ltr'><strong><em>ὑγρότης</em></strong></span> <span class='ocrx_word' id='word_1_34' title='bbox 1018 796 1051 860; x_wconf 79' lang='grc' dir='ltr'><strong><em>δ’</em></strong></span> <span class='ocrx_word' id='word_1_35' title='bbox 1075 793 1113 860; x_wconf 90' lang='grc' dir='ltr'><strong><em>οῦ</em></strong></span> <span class='ocrx_word' id='word_1_36' title='bbox 1142 793 1246 879; x_wconf 92' lang='grc' dir='ltr'><strong><em>μόνον</em></strong></span> <span class='ocrx_word' id='word_1_37' title='bbox 1306 806 1394 861; x_wconf 70' lang='lat' dir='ltr'>(Fr-⁷⁵1</span> 
     </span>
    </p>

    <p class='ocr_par' dir='ltr' id='par_1_3' title="bbox 144 893 1316 1399">
     <span class='ocr_line' id='line_1_6' title="bbox 144 893 1316 984; baseline 0.003 -24"><span class='ocrx_word' id='word_1_38' title='bbox 144 896 264 982; x_wconf 78' lang='grc' dir='ltr'><strong><em>εὸψιν</em></strong></span> <span class='ocrx_word' id='word_1_39' title='bbox 285 896 443 982; x_wconf 72' lang='grc' dir='ltr'><strong><em>ἀμβλύνει</em></strong></span> <span class='ocrx_word' id='word_1_40' title='bbox 467 899 523 962; x_wconf 77' lang='grc' dir='ltr'><strong><em>καὶ</em></strong></span> <span class='ocrx_word' id='word_1_41' title='bbox 545 896 660 984; x_wconf 75' lang='grc' dir='ltr'><strong><em>ἀκοήν,</em></strong></span> <span class='ocrx_word' id='word_1_42' title='bbox 694 893 780 964; x_wconf 87' lang='grc' dir='ltr'><strong><em>ἀλλά</em></strong></span> <span class='ocrx_word' id='word_1_43' title='bbox 801 900 856 962; x_wconf 73' lang='grc' dir='ltr'><strong><em>καὶ</em></strong></span> <span class='ocrx_word' id='word_1_44' title='bbox 879 897 1077 984; x_wconf 83' lang='grc' dir='ltr'><strong><em>κατόπτρων</em></strong></span> <span class='ocrx_word' id='word_1_45' title='bbox 1098 900 1247 979; x_wconf 91' lang='grc' dir='ltr'><strong><em>θιγοῦσα</em></strong></span> <span class='ocrx_word' id='word_1_46' title='bbox 1264 908 1316 963; x_wconf 83' lang='grc'><strong><em>433</em></strong></span> 
     </span>
     <span class='ocr_line' id='line_1_7' title="bbox 177 997 1247 1088; baseline 0.003 -24"><span class='ocrx_word' id='word_1_47' title='bbox 177 1002 235 1065; x_wconf 78' lang='grc' dir='ltr'><strong><em>καὶ</em></strong></span> <span class='ocrx_word' id='word_1_48' title='bbox 258 1005 281 1083; x_wconf 92' lang='lat'>†</span> <span class='ocrx_word' id='word_1_49' title='bbox 303 1013 400 1086; x_wconf 77' lang='grc' dir='ltr'><strong><em>μΐχος</em></strong></span> <span class='ocrx_word' id='word_1_50' title='bbox 422 1002 583 1087; x_wconf 76' lang='grc' dir='ltr'><strong><em>καὶπρὸς</em></strong></span> <span class='ocrx_word' id='word_1_51' title='bbox 606 997 705 1088; x_wconf 91' lang='grc' dir='ltr'><strong><em>ἀέρας</em></strong></span> <span class='ocrx_word' id='word_1_52' title='bbox 727 1007 751 1083; x_wconf 83' lang='lat'><em>†</em></span> <span class='ocrx_word' id='word_1_53' title='bbox 775 999 915 1088; x_wconf 75' lang='grc' dir='ltr'><strong><em>ἀφαιρεῖ</em></strong></span> <span class='ocrx_word' id='word_1_54' title='bbox 942 1001 1005 1088; x_wconf 85' lang='grc' dir='ltr'><strong><em>την</em></strong></span> <span class='ocrx_word' id='word_1_55' title='bbox 1030 1000 1247 1088; x_wconf 83' lang='grc' dir='ltr'><strong><em>λαμπρότητα</em></strong></span> 
     </span>
     <span class='ocr_line' id='line_1_8' title="bbox 178 1104 1246 1193; baseline 0.002 -25"><span class='ocrx_word' id='word_1_56' title='bbox 178 1105 236 1168; x_wconf 81' lang='grc' dir='ltr'><strong><em>καὶ</em></strong></span> <span class='ocrx_word' id='word_1_57' title='bbox 264 1104 302 1170; x_wconf 88' lang='grc' dir='ltr'><strong><em>τό</em></strong></span> <span class='ocrx_word' id='word_1_58' title='bbox 330 1110 461 1190; x_wconf 79' lang='grc' dir='ltr'><strong><em>φέγγος.</em></strong></span> <span class='ocrx_word' id='word_1_59' title='bbox 503 1104 696 1172; x_wconf 90' lang='grc' dir='ltr'><strong><em>τοῦναντίον</em></strong></span> <span class='ocrx_word' id='word_1_60' title='bbox 722 1130 758 1170; x_wconf 92' lang='grc' dir='ltr'><strong><em>τε</em></strong></span> <span class='ocrx_word' id='word_1_61' title='bbox 786 1106 890 1173; x_wconf 82' lang='grc' dir='ltr'><strong><em>πόλιν</em></strong></span> <span class='ocrx_word' id='word_1_62' title='bbox 912 1104 955 1171; x_wconf 88' lang='grc' dir='ltr'><strong><em>αῦ</em></strong></span> <span class='ocrx_word' id='word_1_63' title='bbox 977 1104 1156 1193; x_wconf 79' lang='grc' dir='ltr'><strong><em>περιψύξει</em></strong></span> <span class='ocrx_word' id='word_1_64' title='bbox 1179 1107 1246 1172; x_wconf 78' lang='grc' dir='ltr'><strong><em>τινὶ</em></strong></span> 
     </span>
     <span class='ocr_line' id='line_1_9' title="bbox 178 1198 1245 1301; baseline 0.004 -30"><span class='ocrx_word' id='word_1_65' title='bbox 178 1208 236 1272; x_wconf 80' lang='grc' dir='ltr'><strong><em>καὶ</em></strong></span> <span class='ocrx_word' id='word_1_66' title='bbox 273 1207 439 1275; x_wconf 75' lang='grc' dir='ltr'><strong><em>πυκνώσει</em></strong></span> <span class='ocrx_word' id='word_1_67' title='bbox 474 1211 530 1273; x_wconf 76' lang='grc' dir='ltr'><strong><em>καὶ</em></strong></span> <span class='ocrx_word' id='word_1_68' title='bbox 563 1208 751 1294; x_wconf 87' lang='grc' dir='ltr'><strong><em>πνεύματος</em></strong></span> <span class='ocrx_word' id='word_1_69' title='bbox 785 1198 859 1277; x_wconf 76' lang='grc' dir='ltr'><strong><em>οἷον</em></strong></span> <span class='ocrx_word' id='word_1_70' title='bbox 889 1214 983 1301; x_wconf 72' lang='grc' dir='ltr'><strong><em>βαφῇ</em></strong></span> <span class='ocrx_word' id='word_1_71' title='bbox 1016 1209 1174 1296; x_wconf 82' lang='grc' dir='ltr'><strong><em>[σιδήρου]</em></strong></span> <span class='ocrx_word' id='word_1_72' title='bbox 1208 1209 1245 1275; x_wconf 85' lang='grc' dir='ltr'><strong><em>τό</em></strong></span> 
     </span>
     <span class='ocr_line' id='line_1_10' title="bbox 178 1309 1286 1399; baseline 0.001 -23"><span class='ocrx_word' id='word_1_73' title='bbox 178 1309 430 1398; x_wconf 77' lang='grc' dir='ltr'><strong><em>προγνωστικὸν</em></strong></span> <span class='ocrx_word' id='word_1_74' title='bbox 465 1313 584 1398; x_wconf 92' lang='grc' dir='ltr'><strong><em>μόριον</em></strong></span> <span class='ocrx_word' id='word_1_75' title='bbox 617 1314 826 1380; x_wconf 74' lang='grc' dir='ltr'><strong><em>ἐντείνεσθαι</em></strong></span> <span class='ocrx_word' id='word_1_76' title='bbox 858 1316 914 1377; x_wconf 76' lang='grc' dir='ltr'><strong><em>καὶ</em></strong></span> <span class='ocrx_word' id='word_1_77' title='bbox 948 1316 1160 1399; x_wconf 80' lang='grc' dir='ltr'><strong><em>στομοῦσθαι</em></strong></span> <span class='ocrx_word' id='word_1_78' title='bbox 1191 1315 1248 1398; x_wconf 82' lang='grc' dir='ltr'><strong><em>τῆς</em></strong></span> <span class='ocrx_word' id='word_1_79' title='bbox 1284 1383 1286 1388; x_wconf 59' lang='grc'><strong>,</strong></span> 
     </span>
    </p>

    <p class='ocr_par' dir='ltr' id='par_1_4' title="bbox 131 1413 1249 1918">
     <span class='ocr_line' id='line_1_11' title="bbox 131 1413 1248 1504; baseline -0.003 -20"><span class='ocrx_word' id='word_1_80' title='bbox 131 1446 163 1484; x_wconf 92' lang='lat' dir='ltr'><strong><em>1o</em></strong></span> <span class='ocrx_word' id='word_1_81' title='bbox 178 1419 288 1502; x_wconf 79' lang='grc' dir='ltr'><strong><em>ψυχῆς</em></strong></span> <span class='ocrx_word' id='word_1_82' title='bbox 315 1413 373 1482; x_wconf 91' lang='grc' dir='ltr'><strong><em>οῦκ</em></strong></span> <span class='ocrx_word' id='word_1_83' title='bbox 395 1414 558 1483; x_wconf 82' lang='grc' dir='ltr'><strong><em>ἀδύνατόν</em></strong></span> <span class='ocrx_word' id='word_1_84' title='bbox 581 1417 660 1482; x_wconf 79' lang='grc' dir='ltr'><strong><em>ἐστι.</em></strong></span> <span class='ocrx_word' id='word_1_85' title='bbox 699 1417 755 1481; x_wconf 79' lang='grc' dir='ltr'><strong><em>καὶ</em></strong></span> <span class='ocrx_word' id='word_1_86' title='bbox 776 1419 842 1504; x_wconf 84' lang='grc' dir='ltr'><strong><em>μην</em></strong></span> <span class='ocrx_word' id='word_1_87' title='bbox 865 1415 909 1494; x_wconf 79' lang='grc' dir='ltr'><strong><em>τός</em></strong></span> <span class='ocrx_word' id='word_1_88' title='bbox 931 1423 1122 1500; x_wconf 80' lang='grc' dir='ltr'><strong><em>κασσίτερος</em></strong></span> <span class='ocrx_word' id='word_1_89' title='bbox 1143 1416 1248 1502; x_wconf 85' lang='grc' dir='ltr'><strong><em>μανὸν</em></strong></span> 
     </span>
     <span class='ocr_line' id='line_1_12' title="bbox 179 1517 1249 1607; baseline -0.001 -22"><span class='ocrx_word' id='word_1_90' title='bbox 179 1517 261 1585; x_wconf 87' lang='grc' dir='ltr'><strong><em>ὄντα</em></strong></span> <span class='ocrx_word' id='word_1_91' title='bbox 283 1520 339 1584; x_wconf 79' lang='grc' dir='ltr'><strong><em>καὶ</em></strong></span> <span class='ocrx_word' id='word_1_92' title='bbox 363 1519 557 1607; x_wconf 88' lang='grc' dir='ltr'><strong><em>πολύπορον</em></strong></span> <span class='ocrx_word' id='word_1_93' title='bbox 579 1522 637 1587; x_wconf 85' lang='grc' dir='ltr'><strong><em>τόν</em></strong></span> <span class='ocrx_word' id='word_1_94' title='bbox 657 1521 778 1603; x_wconf 83' lang='grc' dir='ltr'><strong><em>χαλκὸν</em></strong></span> <span class='ocrx_word' id='word_1_95' title='bbox 793 1522 938 1597; x_wconf 75' lang='grc' dir='ltr'><strong><em>ἐντακεὶς</em></strong></span> <span class='ocrx_word' id='word_1_96' title='bbox 954 1519 1023 1606; x_wconf 83' lang='grc' dir='ltr'><strong><em>ἅμα</em></strong></span> <span class='ocrx_word' id='word_1_97' title='bbox 1038 1526 1098 1605; x_wconf 76' lang='grc' dir='ltr'><strong><em>μὲν</em></strong></span> <span class='ocrx_word' id='word_1_98' title='bbox 1113 1520 1249 1605; x_wconf 81' lang='grc' dir='ltr'><strong><em>ἔσφιγξε</em></strong></span> 
     </span>
     <span class='ocr_line' id='line_1_13' title="bbox 179 1621 1248 1712; baseline 0.002 -26"><span class='ocrx_word' id='word_1_99' title='bbox 179 1623 237 1687; x_wconf 78' lang='grc' dir='ltr'><strong><em>καὶ</em></strong></span> <span class='ocrx_word' id='word_1_100' title='bbox 273 1623 524 1690; x_wconf 84' lang='grc' dir='ltr'><strong><em>κατεπύκνωσεν</em></strong></span> <span class='ocrx_word' id='word_1_101' title='bbox 561 1621 630 1709; x_wconf 81' lang='grc' dir='ltr'><strong><em>ἅμα</em></strong></span> <span class='ocrx_word' id='word_1_102' title='bbox 666 1625 704 1690; x_wconf 81' lang='grc' dir='ltr'><strong><em>δὲ</em></strong></span> <span class='ocrx_word' id='word_1_103' title='bbox 740 1622 970 1712; x_wconf 89' lang='grc' dir='ltr'><strong><em>λαμπρότερον</em></strong></span> <span class='ocrx_word' id='word_1_104' title='bbox 1003 1623 1159 1699; x_wconf 79' lang='grc' dir='ltr'><strong><em>ἀπέδειξε</em></strong></span> <span class='ocrx_word' id='word_1_105' title='bbox 1192 1626 1248 1688; x_wconf 78' lang='grc' dir='ltr'><strong><em>καὶ</em></strong></span> 
     </span>
     <span class='ocr_line' id='line_1_14' title="bbox 181 1724 1248 1814; baseline 0.003 -24"><span class='ocrx_word' id='word_1_106' title='bbox 181 1726 428 1813; x_wconf 67' lang='grc' dir='ltr'><strong><em>καθαρώτερον,</em></strong></span> <span class='ocrx_word' id='word_1_107' title='bbox 460 1724 561 1804; x_wconf 89' lang='grc' dir='ltr'><strong><em>οῦτως</em></strong></span> <span class='ocrx_word' id='word_1_108' title='bbox 592 1727 690 1793; x_wconf 82' lang='grc' dir='ltr'><strong><em>οῦδὲν</em></strong></span> <span class='ocrx_word' id='word_1_109' title='bbox 717 1726 834 1810; x_wconf 81' lang='grc' dir='ltr'><strong><em>ἀπέχει</em></strong></span> <span class='ocrx_word' id='word_1_110' title='bbox 856 1728 915 1814; x_wconf 86' lang='grc' dir='ltr'><strong><em>την</em></strong></span> <span class='ocrx_word' id='word_1_111' title='bbox 937 1729 1097 1813; x_wconf 85' lang='grc' dir='ltr'><strong><em>μαντικην</em></strong></span> <span class='ocrx_word' id='word_1_112' title='bbox 1119 1726 1248 1794; x_wconf 91' lang='grc' dir='ltr'><strong><em>ἀναθυ-</em></strong></span> 
     </span>
     <span class='ocr_line' id='line_1_15' title="bbox 182 1829 1248 1918; baseline 0.002 -24"><span class='ocrx_word' id='word_1_113' title='bbox 182 1835 299 1914; x_wconf 87' lang='grc' dir='ltr'><strong><em>μίασιν</em></strong></span> <span class='ocrx_word' id='word_1_114' title='bbox 321 1831 446 1897; x_wconf 79' lang='grc' dir='ltr'><strong><em>οἶκεΐόν</em></strong></span> <span class='ocrx_word' id='word_1_115' title='bbox 467 1857 499 1896; x_wconf 90' lang='grc' dir='ltr'><strong><em>τι</em></strong></span> <span class='ocrx_word' id='word_1_116' title='bbox 522 1843 596 1907; x_wconf 77' lang='grc' dir='ltr'><strong><em>ταῖς</em></strong></span> <span class='ocrx_word' id='word_1_117' title='bbox 617 1843 743 1918; x_wconf 74' lang='grc' dir='ltr'><strong><em>ψυχαῖς</em></strong></span> <span class='ocrx_word' id='word_1_118' title='bbox 766 1833 821 1896; x_wconf 80' lang='grc' dir='ltr'><strong><em>καλ</em></strong></span> <span class='ocrx_word' id='word_1_119' title='bbox 842 1832 995 1912; x_wconf 80' lang='grc' dir='ltr'><strong><em>συγγενὲς</em></strong></span> <span class='ocrx_word' id='word_1_120' title='bbox 1011 1832 1152 1913; x_wconf 82' lang='grc' dir='ltr'><strong><em>ἔχουσαν</em></strong></span> <span class='ocrx_word' id='word_1_121' title='bbox 1167 1829 1248 1896; x_wconf 92' lang='grc' dir='ltr'><strong><em>ἀνα-</em></strong></span> 
     </span>
    </p>

    <p class='ocr_par' dir='ltr' id='par_1_5' title="bbox 141 1931 1288 2333">
     <span class='ocr_line' id='line_1_16' title="bbox 141 1931 1248 2022; baseline -0.001 -22"><span class='ocrx_word' id='word_1_122' title='bbox 141 1962 168 2002; x_wconf 86' lang='lat' dir='ltr'>1s</span> <span class='ocrx_word' id='word_1_123' title='bbox 183 1933 330 2021; x_wconf 83' lang='grc' dir='ltr'><strong><em>πληροῦν</em></strong></span> <span class='ocrx_word' id='word_1_124' title='bbox 351 1938 393 2001; x_wconf 87' lang='grc' dir='ltr'><strong><em>τὰ</em></strong></span> <span class='ocrx_word' id='word_1_125' title='bbox 413 1936 505 2022; x_wconf 83' lang='grc' dir='ltr'><strong><em>μανὰ</em></strong></span> <span class='ocrx_word' id='word_1_126' title='bbox 526 1938 582 2000; x_wconf 79' lang='grc' dir='ltr'><strong><em>καὶ</em></strong></span> <span class='ocrx_word' id='word_1_127' title='bbox 605 1940 754 2018; x_wconf 87' lang='grc' dir='ltr'><strong><em>συνέχειν</em></strong></span> <span class='ocrx_word' id='word_1_128' title='bbox 776 1931 1048 2020; x_wconf 71' lang='grc' dir='ltr'><strong><em>ἐναρμόττουσαν.</em></strong></span> <span class='ocrx_word' id='word_1_129' title='bbox 1087 1933 1171 2000; x_wconf 84' lang='grc' dir='ltr'><strong><em>ἄλλα</em></strong></span> <span class='ocrx_word' id='word_1_130' title='bbox 1186 1935 1248 2021; x_wconf 88' lang='grc' dir='ltr'><strong><em>γάρ</em></strong></span> 
     </span>
     <span class='ocr_line' id='line_1_17' title="bbox 181 2037 1288 2126; baseline 0.001 -23"><span class='ocrx_word' id='word_1_131' title='bbox 181 2038 296 2114; x_wconf 88' lang='grc' dir='ltr'><strong><em>ἀλλοις</em></strong></span> <span class='ocrx_word' id='word_1_132' title='bbox 319 2042 427 2105; x_wconf 72' lang='grc' dir='ltr'><strong><em>οἰκεῖα</em></strong></span> <span class='ocrx_word' id='word_1_133' title='bbox 450 2041 506 2104; x_wconf 78' lang='grc' dir='ltr'><strong><em>καὶ</em></strong></span> <span class='ocrx_word' id='word_1_134' title='bbox 529 2038 720 2126; x_wconf 81' lang='grc' dir='ltr'><strong><em>πρόσφορα,</em></strong></span> <span class='ocrx_word' id='word_1_135' title='bbox 745 2038 902 2123; x_wconf 85' lang='grc' dir='ltr'><strong><em>καθαπερ</em></strong></span> <span class='ocrx_word' id='word_1_136' title='bbox 922 2042 978 2125; x_wconf 82' lang='grc' dir='ltr'><strong><em>τῆς</em></strong></span> <span class='ocrx_word' id='word_1_137' title='bbox 998 2041 1059 2125; x_wconf 79' lang='grc' dir='ltr'><strong><em>μὲν</em></strong></span> <span class='ocrx_word' id='word_1_138' title='bbox 1074 2037 1248 2126; x_wconf 90' lang='grc' dir='ltr'><strong><em>πορφύρας</em></strong></span> <span class='ocrx_word' id='word_1_139' title='bbox 1266 2053 1288 2104; x_wconf 89' lang='grc' dir='ltr'><strong>Β</strong></span> 
     </span>
     <span class='ocr_line' id='line_1_18' title="bbox 181 2141 1249 2231; baseline 0.001 -22"><span class='ocrx_word' id='word_1_140' title='bbox 181 2141 201 2209; x_wconf 84' lang='grc' dir='ltr'><strong><em>ό</em></strong></span> <span class='ocrx_word' id='word_1_141' title='bbox 223 2142 348 2229; x_wconf 90' lang='grc' dir='ltr'><strong><em>κύαμος</em></strong></span> <span class='ocrx_word' id='word_1_142' title='bbox 370 2147 426 2229; x_wconf 81' lang='grc' dir='ltr'><strong><em>τῆς</em></strong></span> <span class='ocrx_word' id='word_1_143' title='bbox 448 2144 486 2208; x_wconf 79' lang='grc' dir='ltr'><strong><em>δὲ</em></strong></span> <span class='ocrx_word' id='word_1_144' title='bbox 508 2143 627 2210; x_wconf 92' lang='grc' dir='ltr'><strong><em>κόκκου</em></strong></span> <span class='ocrx_word' id='word_1_145' title='bbox 648 2145 686 2210; x_wconf 91' lang='grc' dir='ltr'><strong><em>τὸ</em></strong></span> <span class='ocrx_word' id='word_1_146' title='bbox 708 2149 818 2231; x_wconf 86' lang='grc' dir='ltr'><strong><em>νίτρον</em></strong></span> <span class='ocrx_word' id='word_1_147' title='bbox 841 2145 933 2209; x_wconf 72' lang='grc' dir='ltr'><strong><em>δοκεῖ</em></strong></span> <span class='ocrx_word' id='word_1_148' title='bbox 954 2143 1013 2229; x_wconf 86' lang='grc' dir='ltr'><strong><em>την</em></strong></span> <span class='ocrx_word' id='word_1_149' title='bbox 1028 2145 1139 2230; x_wconf 80' lang='grc' dir='ltr'><strong><em>βαφὴν</em></strong></span> <span class='ocrx_word' id='word_1_150' title='bbox 1155 2142 1249 2223; x_wconf 84' lang='grc' dir='ltr'><strong><em>ἄγειν</em></strong></span> 
     </span>
     <span class='ocr_line' id='line_1_19' title="bbox 180 2251 396 2333; baseline 0.009 -20"><span class='ocrx_word' id='word_1_151' title='bbox 180 2251 396 2333; x_wconf 89' lang='grc' dir='ltr'><strong><em>μεμιγμένον·</em></strong></span> 
     </span>
    </p>
   </div>
   <div class='ocr_carea' id='block_1_3' title="bbox 178 2579 1252 4100">
    <p class='ocr_par' dir='ltr' id='par_1_6' title="bbox 178 2579 1252 4100">
     <span class='ocr_line' id='line_1_20' title="bbox 267 2579 1249 2654; baseline 0.001 -21"><span class='ocrx_word' id='word_1_152' title='bbox 267 2584 283 2633; x_wconf 86' lang='grc'><strong>3</strong></span> <span class='ocrx_word' id='word_1_153' title='bbox 302 2580 373 2652; x_wconf 82' lang='grc' dir='ltr'><strong><em>αὐγὴ</em></strong></span> <span class='ocrx_word' id='word_1_154' title='bbox 391 2579 444 2654; x_wconf 82' lang='grc' dir='ltr'><strong><em>γὰρ</em></strong></span> <span class='ocrx_word' id='word_1_155' title='bbox 463 2580 538 2653; x_wconf 78' lang='grc' dir='ltr'><strong><em>ξηρὴ]</em></strong></span> <span class='ocrx_word' id='word_1_156' title='bbox 558 2584 596 2635; x_wconf 89' lang='lat' dir='ltr'>ita</span> <span class='ocrx_word' id='word_1_157' title='bbox 614 2583 708 2651; x_wconf 78' lang='lat' dir='ltr'><strong>scripsi</strong></span> <span class='ocrx_word' id='word_1_158' title='bbox 727 2601 783 2636; x_wconf 92' lang='lat' dir='ltr'><strong><em>cum</em></strong></span> <span class='ocrx_word' id='word_1_159' title='bbox 794 2584 911 2636; x_wconf 87' lang='lat' dir='ltr'>Turneho</span> <span class='ocrx_word' id='word_1_160' title='bbox 930 2585 1033 2636; x_wconf 91' lang='lat' dir='ltr'>collatis</span> <span class='ocrx_word' id='word_1_161' title='bbox 1046 2585 1104 2636; x_wconf 91' lang='lat' dir='ltr'>aliis</span> <span class='ocrx_word' id='word_1_162' title='bbox 1118 2584 1249 2636; x_wconf 76' lang='lat' dir='ltr'>Plutarchi</span> 
     </span>
     <span class='ocr_line' id='line_1_21' title="bbox 181 2646 1250 2724; baseline -0.001 -21"><span class='ocrx_word' id='word_1_163' title='bbox 181 2654 246 2704; x_wconf 93' lang='lat' dir='ltr'>locis</span> <span class='ocrx_word' id='word_1_164' title='bbox 270 2669 334 2719; x_wconf 83' lang='lat' dir='ltr'>quos</span> <span class='ocrx_word' id='word_1_165' title='bbox 358 2655 423 2705; x_wconf 88' lang='lat' dir='ltr'>citat</span> <span class='ocrx_word' id='word_1_166' title='bbox 443 2654 573 2719; x_wconf 78' lang='lat' dir='ltr'>Bywater:</span> <span class='ocrx_word' id='word_1_167' title='bbox 601 2646 666 2716; x_wconf 83' lang='grc' dir='ltr'><strong><em>αὕτη</em></strong></span> <span class='ocrx_word' id='word_1_168' title='bbox 684 2650 736 2724; x_wconf 81' lang='grc' dir='ltr'><strong><em>γὰρ</em></strong></span> <span class='ocrx_word' id='word_1_169' title='bbox 754 2649 820 2723; x_wconf 84' lang='grc' dir='ltr'><strong><em>ξηρά</em></strong></span> <span class='ocrx_word' id='word_1_170' title='bbox 840 2653 903 2704; x_wconf 81' lang='lat' dir='ltr'>libri</span> <span class='ocrx_word' id='word_1_171' title='bbox 972 2656 988 2704; x_wconf 86' lang='lat'>4</span> <span class='ocrx_word' id='word_1_172' title='bbox 1014 2647 1111 2721; x_wconf 84' lang='grc' dir='ltr'><strong><em>ἀρίστη</em></strong></span> <span class='ocrx_word' id='word_1_173' title='bbox 1138 2653 1250 2704; x_wconf 86' lang='lat' dir='ltr'>inseruit</span> 
     </span>
     <span class='ocr_line' id='line_1_22' title="bbox 180 2716 1249 2792; baseline 0.001 -21"><span class='ocrx_word' id='word_1_174' title='bbox 180 2720 315 2773; x_wconf 78' lang='lat' dir='ltr'><strong>Turnebus</strong></span> <span class='ocrx_word' id='word_1_175' title='bbox 346 2720 355 2790; x_wconf 67' lang='lat' dir='ltr'>ii</span> <span class='ocrx_word' id='word_1_176' title='bbox 384 2716 508 2792; x_wconf 81' lang='grc' dir='ltr'><strong><em>ὑγρότης]</em></strong></span> <span class='ocrx_word' id='word_1_177' title='bbox 528 2738 541 2778; x_wconf 88' lang='grc' dir='ltr'><strong><em>ς</em></strong></span> <span class='ocrx_word' id='word_1_178' title='bbox 558 2721 585 2771; x_wconf 93' lang='lat' dir='ltr'>in</span> <span class='ocrx_word' id='word_1_179' title='bbox 603 2737 656 2771; x_wconf 89' lang='lat' dir='ltr'>ras.</span> <span class='ocrx_word' id='word_1_180' title='bbox 669 2737 720 2772; x_wconf 91' lang='lat' dir='ltr'>sec.</span> <span class='ocrx_word' id='word_1_181' title='bbox 733 2738 764 2773; x_wconf 90' lang='lat' dir='ltr'><strong><em>m.</em></strong></span> <span class='ocrx_word' id='word_1_182' title='bbox 777 2723 850 2773; x_wconf 88' lang='lat' dir='ltr'>Barh.</span> <span class='ocrx_word' id='word_1_183' title='bbox 910 2722 1064 2790; x_wconf 77' lang='grc' dir='ltr'><strong><em>δθίγουσα</em></strong></span> <span class='ocrx_word' id='word_1_184' title='bbox 1082 2722 1143 2773; x_wconf 88' lang='lat' dir='ltr'>libri</span> <span class='ocrx_word' id='word_1_185' title='bbox 1163 2737 1249 2772; x_wconf 87' lang='lat' dir='ltr'>omnes</span> 
     </span>
     <span class='ocr_line' id='line_1_23' title="bbox 183 2785 1248 2862; baseline 0 -22"><span class='ocrx_word' id='word_1_186' title='bbox 183 2790 198 2840; x_wconf 89' lang='grc'><strong>6</strong></span> <span class='ocrx_word' id='word_1_187' title='bbox 221 2791 269 2841; x_wconf 80' lang='grc' dir='ltr'><strong><em>καὶ</em></strong></span> <span class='ocrx_word' id='word_1_188' title='bbox 286 2794 369 2858; x_wconf 88' lang='grc' dir='ltr'><strong><em>μῖχος</em></strong></span> <span class='ocrx_word' id='word_1_189' title='bbox 386 2790 505 2858; x_wconf 81' lang='grc' dir='ltr'><strong><em>(σμῆχος</em></strong></span> <span class='ocrx_word' id='word_1_190' title='bbox 522 2791 621 2854; x_wconf 72' lang='lat' dir='ltr'>umor.)</span> <span class='ocrx_word' id='word_1_191' title='bbox 639 2792 684 2840; x_wconf 82' lang='grc' dir='ltr'><strong><em>καλ</em></strong></span> <span class='ocrx_word' id='word_1_192' title='bbox 704 2786 772 2860; x_wconf 84' lang='grc' dir='ltr'><strong><em>πρὸς</em></strong></span> <span class='ocrx_word' id='word_1_193' title='bbox 790 2785 878 2862; x_wconf 78' lang='grc' dir='ltr'><strong><em>ἀέρας]</em></strong></span> <span class='ocrx_word' id='word_1_194' title='bbox 898 2805 985 2841; x_wconf 88' lang='lat' dir='ltr'>eorum</span> <span class='ocrx_word' id='word_1_195' title='bbox 1002 2791 1059 2841; x_wconf 94' lang='lat' dir='ltr'>loco</span> <span class='ocrx_word' id='word_1_196' title='bbox 1078 2791 1126 2842; x_wconf 88' lang='lat' dir='ltr'>lac.</span> <span class='ocrx_word' id='word_1_197' title='bbox 1147 2790 1177 2840; x_wconf 87' lang='lat'><strong><em>23</em></strong></span> <span class='ocrx_word' id='word_1_198' title='bbox 1197 2791 1248 2840; x_wconf 84' lang='lat' dir='ltr'>litt.</span> 
     </span>
     <span class='ocr_line' id='line_1_24' title="bbox 182 2853 1249 2929; baseline 0 -21"><span class='ocrx_word' id='word_1_199' title='bbox 182 2859 207 2908; x_wconf 91' lang='lat' dir='ltr'>in</span> <span class='ocrx_word' id='word_1_200' title='bbox 226 2859 255 2908; x_wconf 90' lang='grc' dir='ltr'><strong><em>Ε.</em></strong></span> <span class='ocrx_word' id='word_1_201' title='bbox 292 2861 338 2908; x_wconf 84' lang='grc' dir='ltr'><strong><em>καλ</em></strong></span> <span class='ocrx_word' id='word_1_202' title='bbox 363 2863 502 2926; x_wconf 76' lang='grc' dir='ltr'><strong><em>μιχθεῖσα</em></strong></span> <span class='ocrx_word' id='word_1_203' title='bbox 529 2853 600 2927; x_wconf 84' lang='grc' dir='ltr'><strong><em>πρός</em></strong></span> <span class='ocrx_word' id='word_1_204' title='bbox 626 2856 694 2929; x_wconf 84' lang='grc' dir='ltr'><strong><em>ἀέρα</em></strong></span> <span class='ocrx_word' id='word_1_205' title='bbox 712 2860 846 2925; x_wconf 75' lang='lat' dir='ltr'>Emporias</span> <span class='ocrx_word' id='word_1_206' title='bbox 875 2859 934 2910; x_wconf 91' lang='lat' dir='ltr'>coll.</span> <span class='ocrx_word' id='word_1_207' title='bbox 953 2875 977 2926; x_wconf 90' lang='lat' dir='ltr'><strong><em>p.</em></strong></span> <span class='ocrx_word' id='word_1_208' title='bbox 997 2859 1053 2922; x_wconf 79' lang='lat'>1⁶22,</span> <span class='ocrx_word' id='word_1_209' title='bbox 1072 2860 1097 2910; x_wconf 88' lang='lat'><strong><em>6.</em></strong></span> <span class='ocrx_word' id='word_1_210' title='bbox 1133 2858 1199 2909; x_wconf 85' lang='lat' dir='ltr'>llaec</span> <span class='ocrx_word' id='word_1_211' title='bbox 1218 2859 1249 2919; x_wconf 87' lang='lat' dir='ltr'><strong><em>si,</em></strong></span> 
     </span>
     <span class='ocr_line' id='line_1_25' title="bbox 181 2921 1249 2996; baseline 0 -20"><span class='ocrx_word' id='word_1_212' title='bbox 181 2928 267 2978; x_wconf 83' lang='lat' dir='ltr'>deleto</span> <span class='ocrx_word' id='word_1_213' title='bbox 293 2929 349 2991; x_wconf 86' lang='grc' dir='ltr'><strong><em>καὶ,</em></strong></span> <span class='ocrx_word' id='word_1_214' title='bbox 377 2935 433 2994; x_wconf 85' lang='lat' dir='ltr'>post</span> <span class='ocrx_word' id='word_1_215' title='bbox 460 2922 577 2996; x_wconf 82' lang='grc' dir='ltr'><strong><em>ὑγρότης</em></strong></span> <span class='ocrx_word' id='word_1_216' title='bbox 603 2924 634 2980; x_wconf 79' lang='grc' dir='ltr'><strong><em>δὲ</em></strong></span> <span class='ocrx_word' id='word_1_217' title='bbox 661 2923 694 2977; x_wconf 85' lang='grc' dir='ltr'><strong><em>οῦ</em></strong></span> <span class='ocrx_word' id='word_1_218' title='bbox 718 2921 808 2995; x_wconf 90' lang='grc' dir='ltr'><strong><em>μόνον</em></strong></span> <span class='ocrx_word' id='word_1_219' title='bbox 833 2944 920 2995; x_wconf 89' lang='lat' dir='ltr'>ponas,</span> <span class='ocrx_word' id='word_1_220' title='bbox 946 2928 1023 2978; x_wconf 88' lang='lat' dir='ltr'>habes</span> <span class='ocrx_word' id='word_1_221' title='bbox 1046 2928 1110 2994; x_wconf 86' lang='lat' dir='ltr'>quod</span> <span class='ocrx_word' id='word_1_222' title='bbox 1134 2926 1249 2990; x_wconf 78' lang='lat' dir='ltr'>intelligi</span> 
     </span>
     <span class='ocr_line' id='line_1_26' title="bbox 181 2994 1249 3064; baseline -0.002 -17"><span class='ocrx_word' id='word_1_223' title='bbox 181 3003 275 3061; x_wconf 86' lang='lat' dir='ltr'>potest.</span> <span class='ocrx_word' id='word_1_224' title='bbox 311 2997 360 3047; x_wconf 86' lang='lat' dir='ltr'><strong><em>Sed</em></strong></span> <span class='ocrx_word' id='word_1_225' title='bbox 386 2997 483 3046; x_wconf 87' lang='lat' dir='ltr'>tradita</span> <span class='ocrx_word' id='word_1_226' title='bbox 509 2996 608 3060; x_wconf 85' lang='lat' dir='ltr'>quidem</span> <span class='ocrx_word' id='word_1_227' title='bbox 636 2994 770 3064; x_wconf 85' lang='lat' dir='ltr'>aliquando</span> <span class='ocrx_word' id='word_1_228' title='bbox 797 3003 966 3063; x_wconf 75' lang='lat' dir='ltr'>transponere</span> <span class='ocrx_word' id='word_1_229' title='bbox 985 2997 1056 3061; x_wconf 88' lang='lat' dir='ltr'>licet,</span> <span class='ocrx_word' id='word_1_230' title='bbox 1083 2995 1249 3060; x_wconf 87' lang='lat' dir='ltr'>conjectanea</span> 
     </span>
     <span class='ocr_line' id='line_1_27' title="bbox 182 3062 1250 3134; baseline 0 -21"><span class='ocrx_word' id='word_1_231' title='bbox 182 3064 320 3114; x_wconf 90' lang='lat' dir='ltr'>nonlicet.</span> <span class='ocrx_word' id='word_1_232' title='bbox 355 3064 377 3114; x_wconf 93' lang='grc' dir='ltr'><strong>Ε</strong></span> <span class='ocrx_word' id='word_1_233' title='bbox 401 3065 530 3129; x_wconf 88' lang='lat' dir='ltr'>scriptura</span> <span class='ocrx_word' id='word_1_234' title='bbox 548 3064 710 3116; x_wconf 82' lang='lat' dir='ltr'>Ambrosiani</span> <span class='ocrx_word' id='word_1_235' title='bbox 736 3072 822 3131; x_wconf 89' lang='lat' dir='ltr'>potest</span> <span class='ocrx_word' id='word_1_236' title='bbox 849 3066 908 3116; x_wconf 91' lang='lat' dir='ltr'>clici</span> <span class='ocrx_word' id='word_1_237' title='bbox 933 3066 1089 3134; x_wconf 79' lang='grc' dir='ltr'><strong><em>σμτγγθεῑσα</em></strong></span> <span class='ocrx_word' id='word_1_238' title='bbox 1116 3066 1161 3114; x_wconf 88' lang='lat' dir='ltr'>sad</span> <span class='ocrx_word' id='word_1_239' title='bbox 1185 3062 1250 3114; x_wconf 90' lang='lat' dir='ltr'>nihil</span> 
     </span>
     <span class='ocr_line' id='line_1_28' title="bbox 178 3126 1252 3203; baseline 0.002 -22"><span class='ocrx_word' id='word_1_240' title='bbox 178 3131 261 3194; x_wconf 89' lang='lat' dir='ltr'>juvat.</span> <span class='ocrx_word' id='word_1_241' title='bbox 305 3131 332 3182; x_wconf 94' lang='lat' dir='ltr'><strong><em>ln</em></strong></span> <span class='ocrx_word' id='word_1_242' title='bbox 359 3132 431 3199; x_wconf 86' lang='grc' dir='ltr'><strong><em>πρὸς</em></strong></span> <span class='ocrx_word' id='word_1_243' title='bbox 456 3128 540 3201; x_wconf 80' lang='grc' dir='ltr'><strong><em>ἀέρας</em></strong></span> <span class='ocrx_word' id='word_1_244' title='bbox 566 3133 641 3196; x_wconf 86' lang='lat' dir='ltr'>latet,</span> <span class='ocrx_word' id='word_1_245' title='bbox 668 3142 697 3184; x_wconf 92' lang='lat' dir='ltr'><strong><em>ut</em></strong></span> <span class='ocrx_word' id='word_1_246' title='bbox 723 3133 820 3200; x_wconf 83' lang='lat' dir='ltr'>opinor,</span> <span class='ocrx_word' id='word_1_247' title='bbox 846 3128 936 3203; x_wconf 89' lang='grc' dir='ltr'><strong><em>πυρὸς</em></strong></span> <span class='ocrx_word' id='word_1_248' title='bbox 962 3126 1089 3200; x_wconf 70' lang='grc' dir='ltr'><strong><em>ἐσχάρας,</em></strong></span> <span class='ocrx_word' id='word_1_249' title='bbox 1116 3134 1143 3183; x_wconf 93' lang='lat' dir='ltr'>in</span> <span class='ocrx_word' id='word_1_250' title='bbox 1169 3135 1252 3200; x_wconf 83' lang='grc' dir='ltr'><strong><em>μῑχος</em></strong></span> 
     </span>
     <span class='ocr_line' id='line_1_29' title="bbox 181 3191 1251 3269; baseline -0.001 -18"><span class='ocrx_word' id='word_1_251' title='bbox 181 3203 227 3251; x_wconf 89' lang='lat' dir='ltr'>vix</span> <span class='ocrx_word' id='word_1_252' title='bbox 256 3191 357 3268; x_wconf 83' lang='grc' dir='ltr'><strong><em>λύχνου</em></strong></span> <span class='ocrx_word' id='word_1_253' title='bbox 387 3201 516 3264; x_wconf 78' lang='lat' dir='ltr'>(licishii)</span> <span class='ocrx_word' id='word_1_254' title='bbox 546 3203 589 3251; x_wconf 90' lang='lat' dir='ltr'>sed</span> <span class='ocrx_word' id='word_1_255' title='bbox 620 3202 706 3254; x_wconf 89' lang='lat' dir='ltr'>simile</span> <span class='ocrx_word' id='word_1_256' title='bbox 738 3203 796 3269; x_wconf 88' lang='lat' dir='ltr'>quid</span> <span class='ocrx_word' id='word_1_257' title='bbox 875 3204 889 3252; x_wconf 82' lang='grc'><strong>1</strong></span> <span class='ocrx_word' id='word_1_258' title='bbox 924 3197 1084 3254; x_wconf 79' lang='grc' dir='ltr'><strong><em>τούναντίου</em></strong></span> <span class='ocrx_word' id='word_1_259' title='bbox 1112 3216 1190 3267; x_wconf 88' lang='lat' dir='ltr'>usque</span> <span class='ocrx_word' id='word_1_260' title='bbox 1219 3202 1251 3252; x_wconf 87' lang='lat' dir='ltr'><strong><em>ad</em></strong></span> 
     </span>
     <span class='ocr_line' id='line_1_30' title="bbox 183 3265 1249 3344; baseline -0.002 -18"><span class='ocrx_word' id='word_1_261' title='bbox 183 3267 421 3344; x_wconf 74' lang='grc' dir='ltr'><strong><em>συνεπιθήγοντος</em></strong></span> <span class='ocrx_word' id='word_1_262' title='bbox 456 3279 494 3343; x_wconf 79' lang='lat' dir='ltr'><strong><em>(p.</em></strong></span> <span class='ocrx_word' id='word_1_263' title='bbox 522 3277 578 3340; x_wconf 83' lang='lat'>115,</span> <span class='ocrx_word' id='word_1_264' title='bbox 604 3276 643 3339; x_wconf 82' lang='lat'><strong><em>3).</em></strong></span> <span class='ocrx_word' id='word_1_265' title='bbox 688 3268 746 3326; x_wconf 82' lang='lat' dir='ltr'>cito</span> <span class='ocrx_word' id='word_1_266' title='bbox 778 3268 933 3341; x_wconf 85' lang='lat' dir='ltr'>scripturas</span> <span class='ocrx_word' id='word_1_267' title='bbox 964 3271 1022 3326; x_wconf 81' lang='lat' dir='ltr'>col.</span> <span class='ocrx_word' id='word_1_268' title='bbox 1049 3265 1170 3324; x_wconf 79' lang='lat' dir='ltr'>Palatini</span> <span class='ocrx_word' id='word_1_269' title='bbox 1200 3266 1249 3324; x_wconf 80' lang='lat'><strong><em>17⁰</em></strong></span> 
     </span>
     <span class='ocr_line' id='line_1_31' title="bbox 183 3336 1251 3413; baseline -0.007 -18"><span class='ocrx_word' id='word_1_270' title='bbox 183 3342 196 3413; x_wconf 76' lang='grc' dir='ltr'><strong><em>ΙΙ</em></strong></span> <span class='ocrx_word' id='word_1_271' title='bbox 216 3361 245 3396; x_wconf 83' lang='grc' dir='ltr'><strong><em>τε</em></strong></span> <span class='ocrx_word' id='word_1_272' title='bbox 263 3336 298 3396; x_wconf 84' lang='grc' dir='ltr'><strong><em>αὖ</em></strong></span> <span class='ocrx_word' id='word_1_273' title='bbox 316 3342 400 3397; x_wconf 85' lang='grc' dir='ltr'><strong><em>πόλιν</em></strong></span> <span class='ocrx_word' id='word_1_274' title='bbox 416 3344 471 3396; x_wconf 85' lang='lat' dir='ltr'>Pal.</span> <span class='ocrx_word' id='word_1_275' title='bbox 491 3348 563 3396; x_wconf 87' lang='lat' dir='ltr'>deest</span> <span class='ocrx_word' id='word_1_276' title='bbox 580 3361 610 3396; x_wconf 82' lang='grc' dir='ltr'><strong><em>τε</em></strong></span> <span class='ocrx_word' id='word_1_277' title='bbox 628 3347 654 3395; x_wconf 91' lang='lat' dir='ltr'>in</span> <span class='ocrx_word' id='word_1_278' title='bbox 672 3342 754 3394; x_wconf 82' lang='grc' dir='ltr'><strong><em>ΒΕΑ</em></strong></span> <span class='ocrx_word' id='word_1_279' title='bbox 768 3343 788 3392; x_wconf 91' lang='grc' dir='ltr'><strong>Ε</strong></span> <span class='ocrx_word' id='word_1_280' title='bbox 803 3342 860 3393; x_wconf 88' lang='lat' dir='ltr'>Vat.</span> <span class='ocrx_word' id='word_1_281' title='bbox 873 3341 927 3393; x_wconf 85' lang='lat' dir='ltr'>Pet.</span> <span class='ocrx_word' id='word_1_282' title='bbox 997 3343 1012 3392; x_wconf 91' lang='lat'>8</span> <span class='ocrx_word' id='word_1_283' title='bbox 1031 3342 1077 3392; x_wconf 81' lang='grc' dir='ltr'><strong><em>καὶ</em></strong></span> <span class='ocrx_word' id='word_1_284' title='bbox 1094 3357 1140 3393; x_wconf 89' lang='grc' dir='ltr'><strong><em>πυ.</em></strong></span> <span class='ocrx_word' id='word_1_285' title='bbox 1159 3340 1251 3391; x_wconf 86' lang='lat' dir='ltr'>dosunt</span> 
     </span>
     <span class='ocr_line' id='line_1_32' title="bbox 182 3406 1251 3482; baseline -0.007 -18"><span class='ocrx_word' id='word_1_286' title='bbox 182 3415 208 3464; x_wconf 91' lang='lat' dir='ltr'>in</span> <span class='ocrx_word' id='word_1_287' title='bbox 227 3413 280 3464; x_wconf 89' lang='lat' dir='ltr'>Pal.</span> <span class='ocrx_word' id='word_1_288' title='bbox 316 3415 363 3465; x_wconf 85' lang='grc' dir='ltr'><strong><em>τοῦ</em></strong></span> <span class='ocrx_word' id='word_1_289' title='bbox 381 3416 462 3467; x_wconf 65' lang='lat' dir='ltr'>nuri</span> <span class='ocrx_word' id='word_1_290' title='bbox 497 3406 692 3482; x_wconf 85' lang='grc' dir='ltr'><strong><em>πνεύματοςΕ</em></strong></span> <span class='ocrx_word' id='word_1_291' title='bbox 723 3409 731 3478; x_wconf 68' lang='lat' dir='ltr'><strong><em>ll</em></strong></span> <span class='ocrx_word' id='word_1_292' title='bbox 761 3409 851 3478; x_wconf 79' lang='grc' dir='ltr'><strong><em>βαφῆς</em></strong></span> <span class='ocrx_word' id='word_1_293' title='bbox 868 3410 941 3460; x_wconf 88' lang='lat' dir='ltr'>Barh.</span> <span class='ocrx_word' id='word_1_294' title='bbox 962 3410 1004 3477; x_wconf 83' lang='grc' dir='ltr'><strong><em>(ῆς</em></strong></span> <span class='ocrx_word' id='word_1_295' title='bbox 1026 3412 1051 3461; x_wconf 93' lang='lat' dir='ltr'>in</span> <span class='ocrx_word' id='word_1_296' title='bbox 1075 3427 1125 3462; x_wconf 86' lang='lat' dir='ltr'>ras.</span> <span class='ocrx_word' id='word_1_297' title='bbox 1145 3409 1251 3476; x_wconf 85' lang='lat' dir='ltr'>scripsit</span> 
     </span>
     <span class='ocr_line' id='line_1_33' title="bbox 182 3469 1250 3562; baseline -0.005 -30"><span class='ocrx_word' id='word_1_298' title='bbox 182 3497 233 3533; x_wconf 87' lang='lat' dir='ltr'>see.</span> <span class='ocrx_word' id='word_1_299' title='bbox 254 3499 298 3532; x_wconf 91' lang='lat' dir='ltr'><strong><em>m.:</em></strong></span> <span class='ocrx_word' id='word_1_300' title='bbox 326 3483 448 3549; x_wconf 90' lang='lat' dir='ltr'>scriptum</span> <span class='ocrx_word' id='word_1_301' title='bbox 472 3480 531 3532; x_wconf 82' lang='lat' dir='ltr'>fort.</span> <span class='ocrx_word' id='word_1_302' title='bbox 555 3489 612 3533; x_wconf 85' lang='lat' dir='ltr'>erat</span> <span class='ocrx_word' id='word_1_303' title='bbox 636 3483 768 3549; x_wconf 75' lang='grc' dir='ltr'><strong><em>βαφαῖςλ)</em></strong></span> <span class='ocrx_word' id='word_1_304' title='bbox 791 3479 827 3530; x_wconf 84' lang='lat' dir='ltr'>Fi</span> <span class='ocrx_word' id='word_1_305' title='bbox 846 3480 940 3530; x_wconf 77' lang='lat' dir='ltr'>Aldina</span> <span class='ocrx_word' id='word_1_306' title='bbox 969 3477 979 3562; x_wconf 64' lang='lat' dir='ltr'>pi</span> <span class='ocrx_word' id='word_1_307' title='bbox 1009 3469 1122 3549; x_wconf 78' lang='grc' dir='ltr'><strong><em>σιδήρου</em></strong></span> <span class='ocrx_word' id='word_1_308' title='bbox 1150 3476 1250 3528; x_wconf 83' lang='lat' dir='ltr'>exclusi</span> 
     </span>
     <span class='ocr_line' id='line_1_34' title="bbox 182 3544 1251 3619; baseline -0.003 -18"><span class='ocrx_word' id='word_1_309' title='bbox 182 3553 197 3601; x_wconf 87' lang='grc'>9</span> <span class='ocrx_word' id='word_1_310' title='bbox 223 3550 394 3604; x_wconf 71' lang='grc' dir='ltr'><strong><em>ἐντείνεσθαι</em></strong></span> <span class='ocrx_word' id='word_1_311' title='bbox 413 3550 512 3618; x_wconf 83' lang='lat' dir='ltr'>Wytt.:</span> <span class='ocrx_word' id='word_1_312' title='bbox 541 3548 701 3619; x_wconf 73' lang='grc' dir='ltr'><strong><em>ἐγγίνεσθαι</em></strong></span> <span class='ocrx_word' id='word_1_313' title='bbox 719 3549 781 3599; x_wconf 84' lang='lat' dir='ltr'>libri</span> <span class='ocrx_word' id='word_1_314' title='bbox 853 3550 882 3598; x_wconf 90' lang='lat'><strong><em>10</em></strong></span> <span class='ocrx_word' id='word_1_315' title='bbox 906 3544 941 3604; x_wconf 80' lang='grc' dir='ltr'><strong><em>ὠς</em></strong></span> <span class='ocrx_word' id='word_1_316' title='bbox 964 3567 978 3599; x_wconf 91' lang='grc' dir='ltr'><strong><em>ο</em></strong></span> <span class='ocrx_word' id='word_1_317' title='bbox 1001 3551 1162 3617; x_wconf 83' lang='grc' dir='ltr'><strong><em>κασσίτηρος</em></strong></span> <span class='ocrx_word' id='word_1_318' title='bbox 1179 3547 1251 3616; x_wconf 90' lang='grc' dir='ltr'><strong><em>(-ρον</em></strong></span> 
     </span>
     <span class='ocr_line' id='line_1_35' title="bbox 182 3613 1249 3698; baseline -0.005 -30"><span class='ocrx_word' id='word_1_319' title='bbox 182 3618 248 3683; x_wconf 84' lang='grc' dir='ltr'><strong><em>Ροτ.)</em></strong></span> <span class='ocrx_word' id='word_1_320' title='bbox 268 3621 285 3668; x_wconf 87' lang='grc' dir='ltr'><strong>Β</strong></span> <span class='ocrx_word' id='word_1_321' title='bbox 298 3620 418 3672; x_wconf 72' lang='lat' dir='ltr'>savar.</span> <span class='ocrx_word' id='word_1_322' title='bbox 431 3618 487 3670; x_wconf 88' lang='lat' dir='ltr'>Pet.</span> <span class='ocrx_word' id='word_1_323' title='bbox 518 3613 553 3675; x_wconf 85' lang='grc' dir='ltr'><strong><em>ιῦς</em></strong></span> <span class='ocrx_word' id='word_1_324' title='bbox 570 3622 713 3689; x_wconf 86' lang='grc' dir='ltr'><strong><em>κασίτηρος</em></strong></span> <span class='ocrx_word' id='word_1_325' title='bbox 731 3619 804 3667; x_wconf 80' lang='lat' dir='ltr'>Baris.</span> <span class='ocrx_word' id='word_1_326' title='bbox 824 3613 870 3698; x_wconf 49' lang='lat' dir='ltr'>&#39;uic</span> <span class='ocrx_word' id='word_1_327' title='bbox 888 3621 1050 3689; x_wconf 88' lang='grc' dir='ltr'><strong><em>κασσίτηρος</em></strong></span> <span class='ocrx_word' id='word_1_328' title='bbox 1062 3617 1148 3667; x_wconf 78' lang='lat' dir='ltr'>limbo.</span> <span class='ocrx_word' id='word_1_329' title='bbox 1161 3613 1249 3665; x_wconf 78' lang='lat' dir='ltr'>Falli</span> 
     </span>
     <span class='ocr_line' id='line_1_36' title="bbox 182 3686 1251 3824; baseline -0.005 -18"><span class='ocrx_word' id='word_1_330' title='bbox 182 3704 276 3807; x_wconf 71' lang='lat' dir='ltr'>litt</span> <span class='ocrx_word' id='word_1_331' title='bbox 296 3686 1251 3824; x_wconf 52' lang='grc' dir='ltr'><strong>1111111111111111111111112111·111111λέ</strong></span> 
     </span>
     <span class='ocr_line' id='line_1_37' title="bbox 182 3821 1250 3888; baseline -0.005 -13"><span class='ocrx_word' id='word_1_332' title='bbox 182 3826 242 3882; x_wconf 77' lang='grc' dir='ltr'><strong><em>θεὶς</em></strong></span> <span class='ocrx_word' id='word_1_333' title='bbox 261 3827 290 3887; x_wconf 79' lang='grc' dir='ltr'><strong><em>(θ</em></strong></span> <span class='ocrx_word' id='word_1_334' title='bbox 308 3827 335 3876; x_wconf 93' lang='lat' dir='ltr'>in</span> <span class='ocrx_word' id='word_1_335' title='bbox 353 3842 403 3877; x_wconf 91' lang='lat' dir='ltr'>ras.</span> <span class='ocrx_word' id='word_1_336' title='bbox 422 3842 472 3877; x_wconf 89' lang='lat' dir='ltr'>scr.</span> <span class='ocrx_word' id='word_1_337' title='bbox 490 3840 539 3875; x_wconf 89' lang='lat' dir='ltr'>sec.</span> <span class='ocrx_word' id='word_1_338' title='bbox 558 3828 599 3886; x_wconf 85' lang='lat' dir='ltr'><strong><em>m.)</em></strong></span> <span class='ocrx_word' id='word_1_339' title='bbox 620 3825 707 3875; x_wconf 79' lang='lat' dir='ltr'>limbo.</span> <span class='ocrx_word' id='word_1_340' title='bbox 743 3823 847 3877; x_wconf 79' lang='grc' dir='ltr'><strong><em>ἔκτασις</em></strong></span> <span class='ocrx_word' id='word_1_341' title='bbox 864 3822 917 3874; x_wconf 85' lang='lat' dir='ltr'>Pul.</span> <span class='ocrx_word' id='word_1_342' title='bbox 990 3824 1021 3874; x_wconf 83' lang='grc'><strong>14</strong></span> <span class='ocrx_word' id='word_1_343' title='bbox 1039 3821 1146 3888; x_wconf 78' lang='grc' dir='ltr'><strong><em>συνεχὲς</em></strong></span> <span class='ocrx_word' id='word_1_344' title='bbox 1163 3821 1250 3870; x_wconf 82' lang='lat' dir='ltr'>Ambr.</span> 
     </span>
     <span class='ocr_line' id='line_1_38' title="bbox 182 3879 1251 3965; baseline -0.007 -21"><span class='ocrx_word' id='word_1_345' title='bbox 182 3889 195 3959; x_wconf 91' lang='grc' dir='ltr'><strong><em>ΙΙ</em></strong></span> <span class='ocrx_word' id='word_1_346' title='bbox 216 3889 400 3965; x_wconf 77' lang='grc' dir='ltr'><strong><em>ἀναπληροῦν]</em></strong></span> <span class='ocrx_word' id='word_1_347' title='bbox 419 3888 488 3945; x_wconf 83' lang='grc' dir='ltr'><strong><em>ἀλλὰ</em></strong></span> <span class='ocrx_word' id='word_1_348' title='bbox 504 3891 628 3960; x_wconf 86' lang='grc' dir='ltr'><strong><em>πληροῦν</em></strong></span> <span class='ocrx_word' id='word_1_349' title='bbox 645 3894 732 3943; x_wconf 81' lang='lat' dir='ltr'>Ambr.</span> <span class='ocrx_word' id='word_1_350' title='bbox 768 3887 836 3942; x_wconf 86' lang='grc' dir='ltr'><strong><em>ἀλλά</em></strong></span> <span class='ocrx_word' id='word_1_351' title='bbox 854 3890 1009 3959; x_wconf 86' lang='grc' dir='ltr'><strong><em>πληροῦυτα</em></strong></span> <span class='ocrx_word' id='word_1_352' title='bbox 1028 3890 1083 3941; x_wconf 91' lang='lat' dir='ltr'>Pal.</span> <span class='ocrx_word' id='word_1_353' title='bbox 1139 3891 1168 3939; x_wconf 85' lang='grc'><strong><em>11</em></strong></span> <span class='ocrx_word' id='word_1_354' title='bbox 1187 3879 1251 3939; x_wconf 90' lang='grc' dir='ltr'><strong><em>κύα-</em></strong></span> 
     </span>
     <span class='ocr_line' id='line_1_39' title="bbox 180 3953 1251 4031; baseline -0.005 -19"><span class='ocrx_word' id='word_1_355' title='bbox 180 3966 243 4028; x_wconf 84' lang='grc' dir='ltr'><strong><em>μος]</em></strong></span> <span class='ocrx_word' id='word_1_356' title='bbox 261 3965 292 4013; x_wconf 90' lang='lat' dir='ltr'><strong><em>de</em></strong></span> <span class='ocrx_word' id='word_1_357' title='bbox 311 3962 384 4014; x_wconf 79' lang='lat' dir='ltr'>labae</span> <span class='ocrx_word' id='word_1_358' title='bbox 403 3965 447 4015; x_wconf 85' lang='lat' dir='ltr'><strong><em>vel</em></strong></span> <span class='ocrx_word' id='word_1_359' title='bbox 466 3963 614 4031; x_wconf 79' lang='lat' dir='ltr'>hyoscyami</span> <span class='ocrx_word' id='word_1_360' title='bbox 633 3978 680 4012; x_wconf 91' lang='lat' dir='ltr'>usu</span> <span class='ocrx_word' id='word_1_361' title='bbox 699 3961 725 4011; x_wconf 90' lang='lat' dir='ltr'>in</span> <span class='ocrx_word' id='word_1_362' title='bbox 745 3976 774 4010; x_wconf 88' lang='lat' dir='ltr'><strong><em>re</em></strong></span> <span class='ocrx_word' id='word_1_363' title='bbox 792 3961 916 4012; x_wconf 76' lang='lat' dir='ltr'>tinctorio</span> <span class='ocrx_word' id='word_1_364' title='bbox 934 3961 999 4012; x_wconf 90' lang='lat' dir='ltr'>nihil</span> <span class='ocrx_word' id='word_1_365' title='bbox 1012 3959 1122 4026; x_wconf 85' lang='lat' dir='ltr'>reperio.</span> <span class='ocrx_word' id='word_1_366' title='bbox 1151 3953 1251 4015; x_wconf 81' lang='grc' dir='ltr'><strong><em>κοανῦς</em></strong></span> 
     </span>
     <span class='ocr_line' id='line_1_40' title="bbox 182 4030 646 4100; baseline -0.002 -20"><span class='ocrx_word' id='word_1_367' title='bbox 182 4033 320 4082; x_wconf 81' lang='lat' dir='ltr'>scriberem</span> <span class='ocrx_word' id='word_1_368' title='bbox 393 4031 423 4081; x_wconf 88' lang='lat'><strong><em>18</em></strong></span> <span class='ocrx_word' id='word_1_369' title='bbox 441 4033 609 4100; x_wconf 80' lang='grc' dir='ltr'><strong><em>μεμιγμένην</em></strong></span> <span class='ocrx_word' id='word_1_370' title='bbox 626 4030 646 4079; x_wconf 92' lang='grc' dir='ltr'><strong>Ε</strong></span> 
     </span>
    </p>
   </div>
   <div class='ocr_carea' id='block_1_4' title="bbox 235 4115 1088 4169">
    <p class='ocr_par' dir='ltr' id='par_1_7' title="bbox 235 4115 1088 4169">
     <span class='ocr_line' id='line_1_41' title="bbox 235 4115 1088 4169; baseline -0.001 -13"><span class='ocrx_word' id='word_1_371' title='bbox 235 4115 352 4157; x_wconf 84' lang='lat' dir='ltr'>Plutarchi</span> <span class='ocrx_word' id='word_1_372' title='bbox 366 4115 455 4168; x_wconf 80' lang='lat' dir='ltr'>Pythici</span> <span class='ocrx_word' id='word_1_373' title='bbox 470 4115 554 4169; x_wconf 77' lang='lat' dir='ltr'>dialogi</span> <span class='ocrx_word' id='word_1_374' title='bbox 568 4121 620 4157; x_wconf 88' lang='lat' dir='ltr'>tres.</span> <span class='ocrx_word' id='word_1_375' title='bbox 1072 4115 1088 4168; x_wconf 84' lang='lat'><em>8</em></span> 
     </span>
    </p>
   </div>
   <div class='ocr_carea' id='block_1_5' title="bbox 0 0 1432 4724">
    <p class='ocr_par' dir='ltr' id='par_1_8' title="bbox 0 0 1432 4724">
     <span class='ocr_line' id='line_1_42' title="bbox 0 0 1432 4724; baseline 0 0"><span class='ocrx_word' id='word_1_376' title='bbox 0 0 1432 4724; x_wconf 95' lang='lat' dir='ltr'><strong><em> </em></strong></span> 
     </span>
    </p>
   </div>
  </div>
 </body>
</html>
