<?xml version="1.0" encoding="UTF-8"?>
<!DOCTYPE html PUBLIC "-//W3C//DTD XHTML 1.0 Transitional//EN"
    "http://www.w3.org/TR/xhtml1/DTD/xhtml1-transitional.dtd">
<html xmlns="http://www.w3.org/1999/xhtml" xml:lang="en" lang="en">
 <head>
  <title>
</title>
<meta http-equiv="Content-Type" content="text/html;charset=utf-8" />
  <meta name='ocr-system' content='tesseract 3.04.00' />
  <meta name='ocr-capabilities' content='ocr_page ocr_carea ocr_par ocr_line ocrx_word'/>
</head>
<body>
  <div class='ocr_page' id='page_1' title='image "./pythicidialogit00plutgoog_0130.png"; bbox 0 0 2842 4724; ppageno 0'>
   <div class='ocr_carea' id='block_1_1' title="bbox 57 281 1124 375">
    <p class='ocr_par' dir='ltr' id='par_1_1' title="bbox 57 281 1124 375">
     <span class='ocr_line' id='line_1_1' title="bbox 57 281 1124 375; baseline 0.002 -13"><span class='ocrx_word' id='word_1_1' title='bbox 57 323 129 374; x_wconf 56' lang='grc' dir='ltr'><em>μοι</em></span> <span class='ocrx_word' id='word_1_2' title='bbox 464 281 719 360; x_wconf 79' lang='lat' dir='ltr'><strong>ouucuuouuu</strong></span> <span class='ocrx_word' id='word_1_3' title='bbox 1083 295 1124 375; x_wconf 79' lang='lat'><em>91</em></span> 
     </span>
    </p>
   </div>
   <div class='ocr_carea' id='block_1_2' title="bbox 22 480 1174 3060">
    <p class='ocr_par' dir='ltr' id='par_1_2' title="bbox 56 480 1167 883">
     <span class='ocr_line' id='line_1_2' title="bbox 56 480 1127 572; baseline 0.006 -26"><span class='ocrx_word' id='word_1_4' title='bbox 56 485 118 570; x_wconf 89' lang='grc' dir='ltr'><em>γὰρ</em></span> <span class='ocrx_word' id='word_1_5' title='bbox 143 480 254 559; x_wconf 79' lang='grc' dir='ltr'><em>οὔτας’</em></span> <span class='ocrx_word' id='word_1_6' title='bbox 278 483 362 570; x_wconf 80' lang='grc' dir='ltr'><em>ἔφην</em></span> <span class='ocrx_word' id='word_1_7' title='bbox 385 482 540 570; x_wconf 52' lang='grc' dir='ltr'><em>(ἀφέντας</em></span> <span class='ocrx_word' id='word_1_8' title='bbox 560 484 621 570; x_wconf 80' lang='grc' dir='ltr'><em>ἤδη</em></span> <span class='ocrx_word' id='word_1_9' title='bbox 637 486 695 549; x_wconf 87' lang='grc' dir='ltr'><em>τὸν</em></span> <span class='ocrx_word' id='word_1_10' title='bbox 711 486 788 570; x_wconf 85' lang='grc' dir='ltr'><em>περὶ</em></span> <span class='ocrx_word' id='word_1_11' title='bbox 808 491 1014 572; x_wconf 78' lang='grc' dir='ltr'><strong><em>χρηστηρίων</em></strong></span> <span class='ocrx_word' id='word_1_12' title='bbox 1028 485 1127 571; x_wconf 83' lang='grc' dir='ltr'><em>λόγον</em></span> 
     </span>
     <span class='ocr_line' id='line_1_3' title="bbox 57 585 1127 675; baseline 0.007 -26"><span class='ocrx_word' id='word_1_13' title='bbox 57 585 102 662; x_wconf 76' lang='grc' dir='ltr'><em>τίς</em></span> <span class='ocrx_word' id='word_1_14' title='bbox 134 587 227 662; x_wconf 83' lang='grc' dir='ltr'><em>τέλος</em></span> <span class='ocrx_word' id='word_1_15' title='bbox 261 587 385 668; x_wconf 84' lang='grc' dir='ltr'><em>ἔχοντα,</em></span> <span class='ocrx_word' id='word_1_16' title='bbox 420 588 683 671; x_wconf 76' lang='grc' dir='ltr'><em>μεταλαμβάνειν</em></span> <span class='ocrx_word' id='word_1_17' title='bbox 714 595 824 675; x_wconf 78' lang='grc' dir='ltr'><em>ἕτερον</em></span> <span class='ocrx_word' id='word_1_18' title='bbox 849 594 1033 670; x_wconf 81' lang='grc' dir='ltr'><em>τοσοῦτον,·’</em></span> <span class='ocrx_word' id='word_1_19' title='bbox 1058 589 1127 656; x_wconf 70' lang='lat' dir='ltr'><strong>‘criu</strong></span> 
     </span>
     <span class='ocr_line' id='line_1_4' title="bbox 57 688 1127 779; baseline 0.004 -25"><span class='ocrx_word' id='word_1_20' title='bbox 57 688 211 776; x_wconf 85' lang='grc' dir='ltr'><em>ἀφέντας’</em></span> <span class='ocrx_word' id='word_1_21' title='bbox 235 695 330 756; x_wconf 77' lang='grc' dir='ltr'><em>εἶπεν</em></span> <span class='ocrx_word' id='word_1_22' title='bbox 352 690 370 756; x_wconf 85' lang='grc' dir='ltr'><em>δ</em></span> <span class='ocrx_word' id='word_1_23' title='bbox 393 690 635 757; x_wconf 86' lang='grc' dir='ltr'>ΔΗΜΗΤΡΙΟΣ</span> <span class='ocrx_word' id='word_1_24' title='bbox 658 693 804 768; x_wconf 68' lang='grc' dir='ltr'><em>*ἐκεῖνον</em></span> <span class='ocrx_word' id='word_1_25' title='bbox 827 693 912 759; x_wconf 82' lang='grc' dir='ltr'><em>ἀλλὰ</em></span> <span class='ocrx_word' id='word_1_26' title='bbox 933 696 977 779; x_wconf 84' lang='grc' dir='ltr'><em>μη</em></span> <span class='ocrx_word' id='word_1_27' title='bbox 1001 695 1127 779; x_wconf 87' lang='grc' dir='ltr'><em>παρελ·</em></span> 
     </span>
     <span class='ocr_line' id='line_1_5' title="bbox 59 793 1167 883; baseline 0 -26"><span class='ocrx_word' id='word_1_28' title='bbox 59 793 185 869; x_wconf 86' lang='grc' dir='ltr'><em>θόντοις</em></span> <span class='ocrx_word' id='word_1_29' title='bbox 207 797 324 860; x_wconf 80' lang='grc' dir='ltr'><em>τοῦτον</em></span> <span class='ocrx_word' id='word_1_30' title='bbox 344 793 672 879; x_wconf 80' lang='grc' dir='ltr'><em>ἀντιλαμβανόμενον</em></span> <span class='ocrx_word' id='word_1_31' title='bbox 686 794 785 883; x_wconf 79' lang='grc' dir='ltr'><em>ἡμῶν.</em></span> <span class='ocrx_word' id='word_1_32' title='bbox 822 795 860 862; x_wconf 81' lang='grc' dir='ltr'><em>οὖ</em></span> <span class='ocrx_word' id='word_1_33' title='bbox 875 799 938 882; x_wconf 87' lang='grc' dir='ltr'><em>γάρ</em></span> <span class='ocrx_word' id='word_1_34' title='bbox 961 798 1126 881; x_wconf 82' lang='grc' dir='ltr'><em>ένδιατρί-</em></span> <span class='ocrx_word' id='word_1_35' title='bbox 1146 807 1167 857; x_wconf 83' lang='lat' dir='ltr'><strong>c</strong></span> 
     </span>
    </p>

    <p class='ocr_par' dir='ltr' id='par_1_3' title="bbox 32 893 1127 1089">
     <span class='ocr_line' id='line_1_6' title="bbox 32 893 1127 986; baseline 0.005 -27"><span class='ocrx_word' id='word_1_36' title='bbox 32 907 179 982; x_wconf 79' lang='grc' dir='ltr'><em>ιψομεν,</em></span> <span class='ocrx_word' id='word_1_37' title='bbox 213 893 282 962; x_wconf 86' lang='grc' dir='ltr'><em>ἀλλ’</em></span> <span class='ocrx_word' id='word_1_38' title='bbox 316 895 396 964; x_wconf 86' lang='grc' dir='ltr'><em>ὅσον</em></span> <span class='ocrx_word' id='word_1_39' title='bbox 434 899 607 984; x_wconf 81' lang='grc' dir='ltr'><em>ίστορῆσαι</em></span> <span class='ocrx_word' id='word_1_40' title='bbox 635 901 693 985; x_wconf 80' lang='grc' dir='ltr'><em>τὴν</em></span> <span class='ocrx_word' id='word_1_41' title='bbox 726 900 940 986; x_wconf 91' lang='grc' dir='ltr'><em>πιθανότητα</em></span> <span class='ocrx_word' id='word_1_42' title='bbox 974 900 1127 982; x_wconf 73' lang='grc' dir='ltr'><em>θιγόντες</em></span> 
     </span>
     <span class='ocr_line' id='line_1_7' title="bbox 58 998 872 1089; baseline 0.005 -24"><span class='ocrx_word' id='word_1_43' title='bbox 58 998 162 1066; x_wconf 78' lang='grc' dir='ltr'><em>αὐτοῦ</em></span> <span class='ocrx_word' id='word_1_44' title='bbox 185 1006 321 1085; x_wconf 79' lang='grc' dir='ltr'><em>μέτιμεν</em></span> <span class='ocrx_word' id='word_1_45' title='bbox 343 1003 401 1066; x_wconf 77' lang='grc' dir='ltr'><em>ἐπὶ</em></span> <span class='ocrx_word' id='word_1_46' title='bbox 423 1003 482 1086; x_wconf 83' lang='grc' dir='ltr'><em>την</em></span> <span class='ocrx_word' id='word_1_47' title='bbox 504 1003 540 1076; x_wconf 76' lang='grc' dir='ltr'><em>ἐξ</em></span> <span class='ocrx_word' id='word_1_48' title='bbox 561 1000 661 1089; x_wconf 83' lang='grc' dir='ltr'><em>ἀρχῆς</em></span> <span class='ocrx_word' id='word_1_49' title='bbox 684 1002 872 1069; x_wconf 58' lang='grc' dir='ltr'><em>ὑπόθεσιν]</em></span> 
     </span>
    </p>

    <p class='ocr_par' dir='ltr' id='par_1_4' title="bbox 62 1107 1129 1401">
     <span class='ocr_line' id='line_1_8' title="bbox 148 1107 1128 1193; baseline 0.004 -26"><span class='ocrx_word' id='word_1_50' title='bbox 148 1107 198 1168; x_wconf 82' lang='grc'><em>24.</em></span> <span class='ocrx_word' id='word_1_51' title='bbox 233 1107 281 1187; x_wconf 86' lang='grc'><em>(1)</em></span> <span class='ocrx_word' id='word_1_52' title='bbox 317 1108 465 1191; x_wconf 69' lang='grc' dir='ltr'><em>*Πρῶτον</em></span> <span class='ocrx_word' id='word_1_53' title='bbox 497 1109 617 1172; x_wconf 70' lang='grc' dir='ltr'><em>τοίνυν</em></span> <span class='ocrx_word' id='word_1_54' title='bbox 653 1107 736 1193; x_wconf 84' lang='grc' dir='ltr'><em>ἔφην</em></span> <span class='ocrx_word' id='word_1_55' title='bbox 761 1108 842 1173; x_wconf 69' lang='lat' dir='ltr'><em>Em</em></span> <span class='ocrx_word' id='word_1_56' title='bbox 876 1109 927 1172; x_wconf 76' lang='lat' dir='ltr'><strong>‘cci</strong></span> <span class='ocrx_word' id='word_1_57' title='bbox 960 1107 1128 1173; x_wconf 84' lang='grc' dir='ltr'><em>κωλύοντα</em></span> 
     </span>
     <span class='ocr_line' id='line_1_9' title="bbox 62 1206 1129 1295; baseline 0.005 -24"><span class='ocrx_word' id='word_1_58' title='bbox 62 1219 177 1273; x_wconf 87' lang='grc' dir='ltr'><em>ποιεῖν</em></span> <span class='ocrx_word' id='word_1_59' title='bbox 209 1206 353 1293; x_wconf 92' lang='grc' dir='ltr'><em>κόσμους</em></span> <span class='ocrx_word' id='word_1_60' title='bbox 390 1207 549 1295; x_wconf 89' lang='grc' dir='ltr'><em>ἀπείρους</em></span> <span class='ocrx_word' id='word_1_61' title='bbox 586 1208 644 1275; x_wconf 78' lang='grc' dir='ltr'><em>οὐκ</em></span> <span class='ocrx_word' id='word_1_62' title='bbox 677 1209 830 1295; x_wconf 75' lang='grc' dir='ltr'><em>ἀπείργει</em></span> <span class='ocrx_word' id='word_1_63' title='bbox 865 1210 1023 1287; x_wconf 89' lang='grc' dir='ltr'><em>πλείονας</em></span> <span class='ocrx_word' id='word_1_64' title='bbox 1056 1211 1129 1287; x_wconf 83' lang='grc' dir='ltr'><em>ἑνὸς</em></span> 
     </span>
     <span class='ocr_line' id='line_1_10' title="bbox 62 1301 1128 1401; baseline 0.001 -24"><span class='ocrx_word' id='word_1_65' title='bbox 62 1324 186 1379; x_wconf 81' lang='grc' dir='ltr'><em>ποιεῖν.</em></span> <span class='ocrx_word' id='word_1_66' title='bbox 230 1315 286 1376; x_wconf 80' lang='grc' dir='ltr'><em>καὶ</em></span> <span class='ocrx_word' id='word_1_67' title='bbox 319 1301 384 1397; x_wconf 88' lang='grc' dir='ltr'><em>γάρ</em></span> <span class='ocrx_word' id='word_1_68' title='bbox 414 1313 514 1379; x_wconf 84' lang='grc' dir='ltr'><em>ὁσίαν</em></span> <span class='ocrx_word' id='word_1_69' title='bbox 546 1314 638 1380; x_wconf 75' lang='grc' dir='ltr'><em>ἐστὶν</em></span> <span class='ocrx_word' id='word_1_70' title='bbox 671 1319 758 1381; x_wconf 82' lang='grc' dir='ltr'><em>εἶναι</em></span> <span class='ocrx_word' id='word_1_71' title='bbox 793 1316 849 1380; x_wconf 85' lang='grc' dir='ltr'><em>καὶ</em></span> <span class='ocrx_word' id='word_1_72' title='bbox 881 1317 1041 1401; x_wconf 79' lang='grc' dir='ltr'><em>μαντικὴν</em></span> <span class='ocrx_word' id='word_1_73' title='bbox 1072 1317 1128 1379; x_wconf 81' lang='grc' dir='ltr'><em>καὶ</em></span> 
     </span>
    </p>

    <p class='ocr_par' dir='ltr' id='par_1_5' title="bbox 22 1417 1174 3060">
     <span class='ocr_line' id='line_1_11' title="bbox 22 1417 1130 1504; baseline 0.005 -25"><span class='ocrx_word' id='word_1_74' title='bbox 22 1442 47 1480; x_wconf 80' lang='grc' dir='ltr'><em>ιο</em></span> <span class='ocrx_word' id='word_1_75' title='bbox 61 1417 228 1499; x_wconf 90' lang='grc' dir='ltr'><em>πρόνοιαν</em></span> <span class='ocrx_word' id='word_1_76' title='bbox 250 1417 283 1480; x_wconf 76' lang='grc' dir='ltr'><em>ἓν</em></span> <span class='ocrx_word' id='word_1_77' title='bbox 305 1418 441 1482; x_wconf 89' lang='grc' dir='ltr'><em>πλείοσι</em></span> <span class='ocrx_word' id='word_1_78' title='bbox 471 1417 618 1502; x_wconf 84' lang='grc' dir='ltr'><em>κόσμοις,</em></span> <span class='ocrx_word' id='word_1_79' title='bbox 652 1420 709 1482; x_wconf 84' lang='grc' dir='ltr'><em>καὶ</em></span> <span class='ocrx_word' id='word_1_80' title='bbox 737 1419 774 1484; x_wconf 85' lang='grc' dir='ltr'><em>τὸ</em></span> <span class='ocrx_word' id='word_1_81' title='bbox 801 1418 1001 1504; x_wconf 82' lang='grc' dir='ltr'><em>μικροτάτην</em></span> <span class='ocrx_word' id='word_1_82' title='bbox 1031 1419 1130 1502; x_wconf 82' lang='grc' dir='ltr'><em>τύχην</em></span> 
     </span>
     <span class='ocr_line' id='line_1_12' title="bbox 60 1520 1129 1606; baseline 0.003 -22"><span class='ocrx_word' id='word_1_83' title='bbox 60 1525 324 1604; x_wconf 85' lang='grc' dir='ltr'><em>παρεμπίπτειν,</em></span> <span class='ocrx_word' id='word_1_84' title='bbox 358 1520 400 1584; x_wconf 91' lang='grc' dir='ltr'><em>τά</em></span> <span class='ocrx_word' id='word_1_85' title='bbox 433 1521 470 1585; x_wconf 80' lang='grc' dir='ltr'><em>δὲ</em></span> <span class='ocrx_word' id='word_1_86' title='bbox 503 1521 646 1586; x_wconf 85' lang='grc' dir='ltr'><em>πλείστα</em></span> <span class='ocrx_word' id='word_1_87' title='bbox 668 1524 723 1585; x_wconf 81' lang='grc' dir='ltr'><em>καὶ</em></span> <span class='ocrx_word' id='word_1_88' title='bbox 752 1528 893 1606; x_wconf 91' lang='grc' dir='ltr'><em>μέγιστα</em></span> <span class='ocrx_word' id='word_1_89' title='bbox 920 1523 1011 1596; x_wconf 82' lang='grc' dir='ltr'><em>τάξει</em></span> <span class='ocrx_word' id='word_1_90' title='bbox 1042 1523 1129 1605; x_wconf 88' lang='grc' dir='ltr'><em>λαμ-</em></span> 
     </span>
     <span class='ocr_line' id='line_1_13' title="bbox 60 1618 1128 1711; baseline 0.001 -24"><span class='ocrx_word' id='word_1_91' title='bbox 60 1618 178 1706; x_wconf 86' lang='grc' dir='ltr'><em>βάνειν</em></span> <span class='ocrx_word' id='word_1_92' title='bbox 210 1628 338 1703; x_wconf 85' lang='grc' dir='ltr'><em>γένεσιν</em></span> <span class='ocrx_word' id='word_1_93' title='bbox 375 1625 430 1689; x_wconf 83' lang='grc' dir='ltr'><em>καὶ</em></span> <span class='ocrx_word' id='word_1_94' title='bbox 469 1625 669 1710; x_wconf 79' lang='grc' dir='ltr'><em>μεταβολήν,</em></span> <span class='ocrx_word' id='word_1_95' title='bbox 709 1620 754 1691; x_wconf 78' lang='grc' dir='ltr'><em>ἀν</em></span> <span class='ocrx_word' id='word_1_96' title='bbox 793 1624 888 1690; x_wconf 76' lang='grc' dir='ltr'><em>οὐδὲν</em></span> <span class='ocrx_word' id='word_1_97' title='bbox 927 1625 947 1711; x_wconf 79' lang='grc' dir='ltr'><em>ἦ</em></span> <span class='ocrx_word' id='word_1_98' title='bbox 988 1624 1128 1709; x_wconf 87' lang='grc' dir='ltr'><em>ἀπειρία</em></span> 
     </span>
     <span class='ocr_line' id='line_1_14' title="bbox 63 1725 1129 1816; baseline 0 -24"><span class='ocrx_word' id='word_1_99' title='bbox 63 1727 226 1808; x_wconf 82' lang='grc' dir='ltr'><em>δέχεσθαι</em></span> <span class='ocrx_word' id='word_1_100' title='bbox 250 1733 405 1814; x_wconf 87' lang='grc' dir='ltr'><em>πέφυκεν.</em></span> <span class='ocrx_word' id='word_1_101' title='bbox 451 1732 497 1810; x_wconf 87' lang='grc'><em>(2)</em></span> <span class='ocrx_word' id='word_1_102' title='bbox 531 1725 648 1794; x_wconf 70' lang='grc' dir='ltr'><em>ἔπειτα</em></span> <span class='ocrx_word' id='word_1_103' title='bbox 675 1733 721 1814; x_wconf 82' lang='grc' dir='ltr'><em>τῷ</em></span> <span class='ocrx_word' id='word_1_104' title='bbox 748 1728 834 1816; x_wconf 82' lang='grc' dir='ltr'><em>λόγῳ</em></span> <span class='ocrx_word' id='word_1_105' title='bbox 864 1730 989 1813; x_wconf 88' lang='grc' dir='ltr'><em>μάλλον</em></span> <span class='ocrx_word' id='word_1_106' title='bbox 1012 1735 1129 1794; x_wconf 81' lang='grc' dir='ltr'><em>ἕπεται</em></span> 
     </span>
     <span class='ocr_line' id='line_1_15' title="bbox 61 1833 1129 1918; baseline -0.001 -22"><span class='ocrx_word' id='word_1_107' title='bbox 61 1833 98 1897; x_wconf 90' lang='grc' dir='ltr'><em>τδ</em></span> <span class='ocrx_word' id='word_1_108' title='bbox 123 1834 169 1918; x_wconf 77' lang='grc' dir='ltr'><em>τῷ</em></span> <span class='ocrx_word' id='word_1_109' title='bbox 193 1835 266 1918; x_wconf 72' lang='grc' dir='ltr'><em>θεῷ</em></span> <span class='ocrx_word' id='word_1_110' title='bbox 287 1834 331 1918; x_wconf 85' lang='grc' dir='ltr'><em>μη</em></span> <span class='ocrx_word' id='word_1_111' title='bbox 354 1836 515 1917; x_wconf 78' lang='grc' dir='ltr'><em>μονογενῆ</em></span> <span class='ocrx_word' id='word_1_112' title='bbox 538 1833 616 1918; x_wconf 87' lang='grc' dir='ltr'><em>μηδ’</em></span> <span class='ocrx_word' id='word_1_113' title='bbox 645 1833 765 1918; x_wconf 79' lang='grc' dir='ltr'><em>ε”ρημον</em></span> <span class='ocrx_word' id='word_1_114' title='bbox 795 1837 881 1899; x_wconf 80' lang='grc' dir='ltr'><em>εἶναι</em></span> <span class='ocrx_word' id='word_1_115' title='bbox 911 1835 967 1898; x_wconf 85' lang='grc' dir='ltr'><em>τὸν</em></span> <span class='ocrx_word' id='word_1_116' title='bbox 995 1833 1129 1916; x_wconf 88' lang='grc' dir='ltr'><em>κόσμον.</em></span> 
     </span>
     <span class='ocr_line' id='line_1_16' title="bbox 23 1933 1128 2024; baseline -0.001 -22"><span class='ocrx_word' id='word_1_117' title='bbox 23 1935 197 2017; x_wconf 82' lang='grc' dir='ltr'><em>ιεάγαθός</em></span> <span class='ocrx_word' id='word_1_118' title='bbox 230 1937 292 2019; x_wconf 88' lang='grc' dir='ltr'><em>γὰρ</em></span> <span class='ocrx_word' id='word_1_119' title='bbox 328 1935 372 2000; x_wconf 78' lang='grc' dir='ltr'><em>ἀν</em></span> <span class='ocrx_word' id='word_1_120' title='bbox 399 1938 516 2012; x_wconf 86' lang='grc' dir='ltr'><em>τελέως</em></span> <span class='ocrx_word' id='word_1_121' title='bbox 550 1935 707 2020; x_wconf 77' lang='grc' dir='ltr'><em>οὐδεμιᾶς</em></span> <span class='ocrx_word' id='word_1_122' title='bbox 735 1933 854 2024; x_wconf 82' lang='grc' dir='ltr'><em>ἀρετῆς</em></span> <span class='ocrx_word' id='word_1_123' title='bbox 887 1934 999 2022; x_wconf 73' lang='grc' dir='ltr'><em>ἐνδεής</em></span> <span class='ocrx_word' id='word_1_124' title='bbox 1026 1934 1128 2014; x_wconf 75' lang='grc' dir='ltr'><em>ἔστιν,</em></span> 
     </span>
     <span class='ocr_line' id='line_1_17' title="bbox 65 2037 1174 2126; baseline 0.004 -22"><span class='ocrx_word' id='word_1_125' title='bbox 65 2037 184 2125; x_wconf 74' lang='grc' dir='ltr'><em>η”κιστα</em></span> <span class='ocrx_word' id='word_1_126' title='bbox 208 2039 245 2103; x_wconf 78' lang='grc' dir='ltr'><em>δὲ</em></span> <span class='ocrx_word' id='word_1_127' title='bbox 267 2041 332 2104; x_wconf 81' lang='grc' dir='ltr'><em>τῶν</em></span> <span class='ocrx_word' id='word_1_128' title='bbox 354 2040 432 2124; x_wconf 86' lang='grc' dir='ltr'><em>περὶ</em></span> <span class='ocrx_word' id='word_1_129' title='bbox 461 2040 676 2125; x_wconf 84' lang='grc' dir='ltr'><em>δικαιοσύνην</em></span> <span class='ocrx_word' id='word_1_130' title='bbox 705 2045 761 2104; x_wconf 84' lang='grc' dir='ltr'><em>καὶ</em></span> <span class='ocrx_word' id='word_1_131' title='bbox 789 2042 922 2126; x_wconf 81' lang='grc' dir='ltr'><em>φιλίαν·</em></span> <span class='ocrx_word' id='word_1_132' title='bbox 956 2040 1174 2108; x_wconf 86' lang='grc' dir='ltr'><em>κάλλισταιΙ)</em></span> 
     </span>
     <span class='ocr_line' id='line_1_18' title="bbox 65 2139 1132 2231; baseline 0.001 -22"><span class='ocrx_word' id='word_1_133' title='bbox 65 2148 129 2231; x_wconf 84' lang='grc' dir='ltr'><em>γάρ</em></span> <span class='ocrx_word' id='word_1_134' title='bbox 153 2139 251 2208; x_wconf 87' lang='grc' dir='ltr'><em>αὗται</em></span> <span class='ocrx_word' id='word_1_135' title='bbox 275 2146 331 2208; x_wconf 83' lang='grc' dir='ltr'><em>καὶ</em></span> <span class='ocrx_word' id='word_1_136' title='bbox 359 2148 457 2220; x_wconf 89' lang='grc' dir='ltr'><em>θεοῖς</em></span> <span class='ocrx_word' id='word_1_137' title='bbox 484 2149 687 2229; x_wconf 82' lang='grc' dir='ltr'><em>πρέπουσαι.</em></span> <span class='ocrx_word' id='word_1_138' title='bbox 732 2143 839 2230; x_wconf 92' lang='grc' dir='ltr'><em>μάτην</em></span> <span class='ocrx_word' id='word_1_139' title='bbox 866 2146 903 2208; x_wconf 81' lang='grc' dir='ltr'><em>δὲ</em></span> <span class='ocrx_word' id='word_1_140' title='bbox 925 2143 1023 2210; x_wconf 78' lang='grc' dir='ltr'><em>οὐδὲν</em></span> <span class='ocrx_word' id='word_1_141' title='bbox 1045 2145 1132 2226; x_wconf 80' lang='grc' dir='ltr'><em>ἔχειν</em></span> 
     </span>
     <span class='ocr_line' id='line_1_19' title="bbox 65 2246 1133 2333; baseline -0.003 -19"><span class='ocrx_word' id='word_1_142' title='bbox 65 2246 140 2314; x_wconf 75' lang='grc' dir='ltr'><em>οὐδ’</em></span> <span class='ocrx_word' id='word_1_143' title='bbox 164 2247 325 2333; x_wconf 86' lang='grc' dir='ltr'><em>ἄχρηστον</em></span> <span class='ocrx_word' id='word_1_144' title='bbox 349 2248 430 2323; x_wconf 85' lang='grc' dir='ltr'><em>θεός</em></span> <span class='ocrx_word' id='word_1_145' title='bbox 453 2252 608 2333; x_wconf 83' lang='grc' dir='ltr'><em>πέφυκεν.</em></span> <span class='ocrx_word' id='word_1_146' title='bbox 644 2249 731 2312; x_wconf 82' lang='grc' dir='ltr'><em>είσλν</em></span> <span class='ocrx_word' id='word_1_147' title='bbox 746 2247 804 2313; x_wconf 83' lang='grc' dir='ltr'><em>οὖν</em></span> <span class='ocrx_word' id='word_1_148' title='bbox 819 2249 911 2323; x_wconf 76' lang='grc' dir='ltr'><em>ἐκτός</em></span> <span class='ocrx_word' id='word_1_149' title='bbox 927 2253 1031 2332; x_wconf 87' lang='grc' dir='ltr'><em>έτεροι</em></span> <span class='ocrx_word' id='word_1_150' title='bbox 1053 2250 1133 2313; x_wconf 84' lang='grc' dir='ltr'><em>θεοὶ</em></span> 
     </span>
     <span class='ocr_line' id='line_1_20' title="bbox 66 2348 1132 2436; baseline -0.001 -20"><span class='ocrx_word' id='word_1_151' title='bbox 66 2354 124 2416; x_wconf 85' lang='grc' dir='ltr'><em>καὶ</em></span> <span class='ocrx_word' id='word_1_152' title='bbox 157 2349 289 2435; x_wconf 81' lang='grc' dir='ltr'><em>κόσμοι,</em></span> <span class='ocrx_word' id='word_1_153' title='bbox 319 2355 402 2435; x_wconf 86' lang='grc' dir='ltr'><em>πρὸς</em></span> <span class='ocrx_word' id='word_1_154' title='bbox 431 2348 487 2426; x_wconf 75' lang='grc' dir='ltr'><em>οὓς</em></span> <span class='ocrx_word' id='word_1_155' title='bbox 513 2353 629 2435; x_wconf 83' lang='grc' dir='ltr'><em>χρῆται</em></span> <span class='ocrx_word' id='word_1_156' title='bbox 656 2362 729 2426; x_wconf 86' lang='grc' dir='ltr'><em>ταῖς</em></span> <span class='ocrx_word' id='word_1_157' title='bbox 751 2363 965 2427; x_wconf 82' lang='grc' dir='ltr'><em>κοινωνικαῖς</em></span> <span class='ocrx_word' id='word_1_158' title='bbox 987 2349 1132 2436; x_wconf 88' lang='grc' dir='ltr'><em>ἀρεταῖς·</em></span> 
     </span>
     <span class='ocr_line' id='line_1_21' title="bbox 27 2452 1133 2540; baseline -0.002 -18"><span class='ocrx_word' id='word_1_159' title='bbox 27 2484 51 2522; x_wconf 81' lang='grc' dir='ltr'><em>ου</em></span> <span class='ocrx_word' id='word_1_160' title='bbox 66 2452 106 2522; x_wconf 81' lang='grc' dir='ltr'><em>οδ</em></span> <span class='ocrx_word' id='word_1_161' title='bbox 129 2455 192 2537; x_wconf 85' lang='grc' dir='ltr'><em>γάρ</em></span> <span class='ocrx_word' id='word_1_162' title='bbox 215 2455 299 2540; x_wconf 84' lang='grc' dir='ltr'><em>πρὸς</em></span> <span class='ocrx_word' id='word_1_163' title='bbox 322 2452 423 2520; x_wconf 83' lang='grc' dir='ltr'><em>αὑτὸν</em></span> <span class='ocrx_word' id='word_1_164' title='bbox 439 2452 516 2520; x_wconf 77' lang='grc' dir='ltr'><em>οὐδὲ</em></span> <span class='ocrx_word' id='word_1_165' title='bbox 537 2460 636 2538; x_wconf 84' lang='grc' dir='ltr'><em>μέρος</em></span> <span class='ocrx_word' id='word_1_166' title='bbox 655 2452 756 2520; x_wconf 79' lang='grc' dir='ltr'><em>αὑτοῦ</em></span> <span class='ocrx_word' id='word_1_167' title='bbox 779 2457 894 2540; x_wconf 84' lang='grc' dir='ltr'><em>χρῆσίς</em></span> <span class='ocrx_word' id='word_1_168' title='bbox 908 2456 978 2520; x_wconf 76' lang='grc' dir='ltr'><em>ἐστι</em></span> <span class='ocrx_word' id='word_1_169' title='bbox 1003 2456 1133 2520; x_wconf 88' lang='grc' dir='ltr'><em>δικαιο-</em></span> 
     </span>
     <span class='ocr_line' id='line_1_22' title="bbox 66 2555 1134 2644; baseline -0.003 -19"><span class='ocrx_word' id='word_1_170' title='bbox 66 2558 168 2644; x_wconf 80' lang='grc' dir='ltr'><em>σύνης</em></span> <span class='ocrx_word' id='word_1_171' title='bbox 190 2558 210 2644; x_wconf 81' lang='grc' dir='ltr'><em>ἢ</em></span> <span class='ocrx_word' id='word_1_172' title='bbox 232 2559 365 2642; x_wconf 89' lang='grc' dir='ltr'><em>χάριτος</em></span> <span class='ocrx_word' id='word_1_173' title='bbox 388 2584 407 2644; x_wconf 99' lang='grc' dir='ltr'><em>η</em></span> <span class='ocrx_word' id='word_1_174' title='bbox 429 2557 647 2644; x_wconf 89' lang='grc' dir='ltr'><em>χρηστότητος</em></span> <span class='ocrx_word' id='word_1_175' title='bbox 669 2556 753 2623; x_wconf 89' lang='grc' dir='ltr'><em>ἀλλά</em></span> <span class='ocrx_word' id='word_1_176' title='bbox 776 2558 860 2643; x_wconf 88' lang='grc' dir='ltr'><em>πρὸς</em></span> <span class='ocrx_word' id='word_1_177' title='bbox 883 2557 1012 2634; x_wconf 87' lang='grc' dir='ltr'><em>ἀλλους.</em></span> <span class='ocrx_word' id='word_1_178' title='bbox 1051 2555 1134 2623; x_wconf 75' lang='grc' dir='ltr'><em>ὥστε</em></span> 
     </span>
     <span class='ocr_line' id='line_1_23' title="bbox 66 2659 1135 2748; baseline 0 -20"><span class='ocrx_word' id='word_1_179' title='bbox 66 2661 125 2728; x_wconf 79' lang='grc' dir='ltr'><em>οὐκ</em></span> <span class='ocrx_word' id='word_1_180' title='bbox 150 2663 237 2737; x_wconf 78' lang='grc' dir='ltr'><em>εἰκὸς</em></span> <span class='ocrx_word' id='word_1_181' title='bbox 266 2660 389 2748; x_wconf 87' lang='grc' dir='ltr'><em>άφιλον</em></span> <span class='ocrx_word' id='word_1_182' title='bbox 418 2659 490 2726; x_wconf 81' lang='grc' dir='ltr'><em>οὐδ’</em></span> <span class='ocrx_word' id='word_1_183' title='bbox 524 2659 679 2742; x_wconf 90' lang='grc' dir='ltr'><em>ἀγείτονα</em></span> <span class='ocrx_word' id='word_1_184' title='bbox 705 2660 798 2726; x_wconf 87' lang='grc' dir='ltr'><em>τόνδ’</em></span> <span class='ocrx_word' id='word_1_185' title='bbox 832 2659 904 2727; x_wconf 79' lang='grc' dir='ltr'><em>οὐδ’</em></span> <span class='ocrx_word' id='word_1_186' title='bbox 933 2661 1072 2746; x_wconf 85' lang='grc' dir='ltr'><em>ἄμικτον</em></span> <span class='ocrx_word' id='word_1_187' title='bbox 1100 2663 1135 2729; x_wconf 81' lang='grc' dir='ltr'><em>έν</em></span> 
     </span>
     <span class='ocr_line' id='line_1_24' title="bbox 65 2763 1135 2852; baseline 0 -22"><span class='ocrx_word' id='word_1_188' title='bbox 65 2765 197 2851; x_wconf 82' lang='grc' dir='ltr'><em>ἀπείρῳ</em></span> <span class='ocrx_word' id='word_1_189' title='bbox 229 2769 311 2852; x_wconf 76' lang='grc' dir='ltr'><em>κενῷ</em></span> <span class='ocrx_word' id='word_1_190' title='bbox 342 2766 400 2830; x_wconf 90' lang='grc' dir='ltr'><em>τὸν</em></span> <span class='ocrx_word' id='word_1_191' title='bbox 430 2763 555 2849; x_wconf 89' lang='grc' dir='ltr'><em>κόσμον</em></span> <span class='ocrx_word' id='word_1_192' title='bbox 588 2763 749 2829; x_wconf 78' lang='grc' dir='ltr'><em>σαλεύειν.</em></span> <span class='ocrx_word' id='word_1_193' title='bbox 796 2767 845 2848; x_wconf 82' lang='grc'><em>(3)</em></span> <span class='ocrx_word' id='word_1_194' title='bbox 873 2766 950 2829; x_wconf 77' lang='grc' dir='ltr'><em>ἐπεὶ</em></span> <span class='ocrx_word' id='word_1_195' title='bbox 974 2767 1054 2851; x_wconf 75' lang='grc' dir='ltr'><em>&lt;δὲ&gt;</em></span> <span class='ocrx_word' id='word_1_196' title='bbox 1080 2768 1135 2831; x_wconf 86' lang='grc' dir='ltr'><em>καὶ</em></span> 
     </span>
     <span class='ocr_line' id='line_1_25' title="bbox 66 2866 1137 2955; baseline -0.001 -20"><span class='ocrx_word' id='word_1_197' title='bbox 66 2872 127 2955; x_wconf 86' lang='grc' dir='ltr'><em>την</em></span> <span class='ocrx_word' id='word_1_198' title='bbox 150 2866 253 2955; x_wconf 77' lang='grc' dir='ltr'><em>φύσιν</em></span> <span class='ocrx_word' id='word_1_199' title='bbox 275 2868 403 2953; x_wconf 78' lang='grc' dir='ltr'><em>ὁρῶμεν</em></span> <span class='ocrx_word' id='word_1_200' title='bbox 426 2867 506 2954; x_wconf 88' lang='grc' dir='ltr'><em>&lt;τά&gt;</em></span> <span class='ocrx_word' id='word_1_201' title='bbox 532 2871 612 2932; x_wconf 81' lang='grc' dir='ltr'><em>καθ’</em></span> <span class='ocrx_word' id='word_1_202' title='bbox 637 2872 758 2933; x_wconf 78' lang='grc' dir='ltr'><em>ἕκαστα</em></span> <span class='ocrx_word' id='word_1_203' title='bbox 780 2873 909 2948; x_wconf 86' lang='grc' dir='ltr'><em>γένεσιν</em></span> <span class='ocrx_word' id='word_1_204' title='bbox 931 2869 987 2933; x_wconf 86' lang='grc' dir='ltr'><em>καὶ</em></span> <span class='ocrx_word' id='word_1_205' title='bbox 1010 2870 1137 2934; x_wconf 80' lang='grc' dir='ltr'><em>εἴδεσιν</em></span> 
     </span>
     <span class='ocr_line' id='line_1_26' title="bbox 30 2971 1135 3060; baseline -0.003 -20"><span class='ocrx_word' id='word_1_206' title='bbox 30 2973 145 3040; x_wconf 82' lang='grc' dir='ltr'><em>ιεοίον</em></span> <span class='ocrx_word' id='word_1_207' title='bbox 171 2971 317 3053; x_wconf 88' lang='grc' dir='ltr'><em>ἀγγείοις</em></span> <span class='ocrx_word' id='word_1_208' title='bbox 345 2972 366 3060; x_wconf 81' lang='grc' dir='ltr'><em>ἢ</em></span> <span class='ocrx_word' id='word_1_209' title='bbox 393 2976 631 3056; x_wconf 89' lang='grc' dir='ltr'><em>περικαρπίοις</em></span> <span class='ocrx_word' id='word_1_210' title='bbox 665 2974 875 3056; x_wconf 87' lang='grc' dir='ltr'><em>[σπέρματος]</em></span> <span class='ocrx_word' id='word_1_211' title='bbox 901 2976 1135 3055; x_wconf 83' lang='grc' dir='ltr'><em>περιέχουσαν·</em></span> 
     </span>
    </p>
   </div>
   <div class='ocr_carea' id='block_1_3' title="bbox 68 3177 1140 4211">
    <p class='ocr_par' dir='ltr' id='par_1_6' title="bbox 68 3177 1140 4211">
     <span class='ocr_line' id='line_1_27' title="bbox 156 3177 1137 3260; baseline 0 -30"><span class='ocrx_word' id='word_1_212' title='bbox 156 3180 168 3230; x_wconf 93' lang='grc'>1</span> <span class='ocrx_word' id='word_1_213' title='bbox 196 3179 251 3230; x_wconf 84' lang='grc' dir='ltr'><em>τῶν</em></span> <span class='ocrx_word' id='word_1_214' title='bbox 268 3177 315 3260; x_wconf 79' lang='lat' dir='ltr'><strong>(ite</strong></span> <span class='ocrx_word' id='word_1_215' title='bbox 334 3177 401 3245; x_wconf 79' lang='lat' dir='ltr'><strong>Pet.)</strong></span> <span class='ocrx_word' id='word_1_216' title='bbox 423 3179 489 3245; x_wconf 81' lang='grc' dir='ltr'><em>περὶ</em></span> <span class='ocrx_word' id='word_1_217' title='bbox 509 3179 565 3231; x_wconf 84' lang='grc' dir='ltr'><em>τῶν</em></span> <span class='ocrx_word' id='word_1_218' title='bbox 579 3195 624 3247; x_wconf 86' lang='grc' dir='ltr'><em>χρ.</em></span> <span class='ocrx_word' id='word_1_219' title='bbox 644 3179 667 3229; x_wconf 86' lang='grc' dir='ltr'><em>λ.</em></span> <span class='ocrx_word' id='word_1_220' title='bbox 686 3178 772 3229; x_wconf 79' lang='lat' dir='ltr'><strong>Ambr</strong></span> <span class='ocrx_word' id='word_1_221' title='bbox 843 3179 859 3229; x_wconf 84' lang='lat'>2</span> <span class='ocrx_word' id='word_1_222' title='bbox 885 3180 1044 3247; x_wconf 81' lang='grc' dir='ltr'><em>μεταλαβεῖν</em></span> <span class='ocrx_word' id='word_1_223' title='bbox 1062 3179 1137 3230; x_wconf 79' lang='lat' dir='ltr'><strong>Barb.</strong></span> 
     </span>
     <span class='ocr_line' id='line_1_28' title="bbox 69 3242 1136 3332; baseline -0.001 -31"><span class='ocrx_word' id='word_1_224' title='bbox 69 3243 170 3301; x_wconf 75' lang='grc' dir='ltr'><em>Βάλλά</em></span> <span class='ocrx_word' id='word_1_225' title='bbox 191 3245 280 3316; x_wconf 83' lang='grc' dir='ltr'><em>μὴ-</em></span> <span class='ocrx_word' id='word_1_226' title='bbox 300 3242 386 3315; x_wconf 76' lang='grc' dir='ltr'><em>ημῶν]</em></span> <span class='ocrx_word' id='word_1_227' title='bbox 405 3264 492 3299; x_wconf 82' lang='lat' dir='ltr'><strong>eorum</strong></span> <span class='ocrx_word' id='word_1_228' title='bbox 509 3248 567 3298; x_wconf 84' lang='lat' dir='ltr'><strong>loco</strong></span> <span class='ocrx_word' id='word_1_229' title='bbox 586 3248 680 3297; x_wconf 76' lang='lat' dir='ltr'><strong>lucin</strong></span> <span class='ocrx_word' id='word_1_230' title='bbox 698 3248 718 3297; x_wconf 81' lang='lat' dir='ltr'><em>ll</em></span> <span class='ocrx_word' id='word_1_231' title='bbox 739 3248 771 3298; x_wconf 81' lang='lat'><em>50</em></span> <span class='ocrx_word' id='word_1_232' title='bbox 789 3248 840 3299; x_wconf 90' lang='lat' dir='ltr'><strong>litt.</strong></span> <span class='ocrx_word' id='word_1_233' title='bbox 905 3249 1054 3316; x_wconf 77' lang='grc' dir='ltr'><em>ῖΠρωτον</em></span> <span class='ocrx_word' id='word_1_234' title='bbox 1053 3249 1136 3332; x_wconf 86' lang='grc' dir='ltr'><em>κτλ]</em></span> 
     </span>
     <span class='ocr_line' id='line_1_29' title="bbox 69 3306 1138 3398; baseline 0 -30"><span class='ocrx_word' id='word_1_235' title='bbox 69 3325 218 3382; x_wconf 72' lang='lat' dir='ltr'><strong>argumenta</strong></span> <span class='ocrx_word' id='word_1_236' title='bbox 246 3318 356 3368; x_wconf 89' lang='lat' dir='ltr'><strong>numeris</strong></span> <span class='ocrx_word' id='word_1_237' title='bbox 381 3317 487 3368; x_wconf 78' lang='lat' dir='ltr'><strong>distinxi</strong></span> <span class='ocrx_word' id='word_1_238' title='bbox 558 3317 573 3365; x_wconf 89' lang='grc'>9</span> <span class='ocrx_word' id='word_1_239' title='bbox 600 3311 680 3368; x_wconf 87' lang='grc' dir='ltr'><em>ὁσίαν</em></span> <span class='ocrx_word' id='word_1_240' title='bbox 706 3318 811 3398; x_wconf 83' lang='lat' dir='ltr'><strong>scripsi.</strong></span> <span class='ocrx_word' id='word_1_241' title='bbox 840 3310 909 3368; x_wconf 83' lang='grc' dir='ltr'><em>ὅσον</em></span> <span class='ocrx_word' id='word_1_242' title='bbox 927 3317 998 3367; x_wconf 89' lang='lat' dir='ltr'><strong>libri.</strong></span> <span class='ocrx_word' id='word_1_243' title='bbox 1034 3306 1138 3368; x_wconf 80' lang='grc' dir='ltr'><em>οἷόντε</em></span> 
     </span>
     <span class='ocr_line' id='line_1_30' title="bbox 68 3381 1137 3454; baseline -0.002 -16"><span class='ocrx_word' id='word_1_244' title='bbox 68 3388 204 3454; x_wconf 81' lang='lat' dir='ltr'><strong>Xyleuder</strong></span> <span class='ocrx_word' id='word_1_245' title='bbox 275 3392 304 3440; x_wconf 92' lang='lat' dir='ltr'><em>ll</em></span> <span class='ocrx_word' id='word_1_246' title='bbox 333 3381 406 3444; x_wconf 85' lang='grc' dir='ltr'><em>τάξει</em></span> <span class='ocrx_word' id='word_1_247' title='bbox 423 3384 530 3436; x_wconf 83' lang='lat' dir='ltr'><strong>llBurb.</strong></span> <span class='ocrx_word' id='word_1_248' title='bbox 544 3385 629 3435; x_wconf 84' lang='lat' dir='ltr'><strong>Ambr.</strong></span> <span class='ocrx_word' id='word_1_249' title='bbox 644 3385 663 3435; x_wconf 82' lang='lat' dir='ltr'><em>[r</em></span> <span class='ocrx_word' id='word_1_250' title='bbox 688 3381 766 3444; x_wconf 85' lang='grc' dir='ltr'><em>τάξιν</em></span> <span class='ocrx_word' id='word_1_251' title='bbox 784 3386 879 3451; x_wconf 81' lang='lat' dir='ltr'><strong>reliqui</strong></span> <span class='ocrx_word' id='word_1_252' title='bbox 909 3383 918 3453; x_wconf 77' lang='lat' dir='ltr'><em>l}</em></span> <span class='ocrx_word' id='word_1_253' title='bbox 948 3381 1137 3452; x_wconf 75' lang='grc' dir='ltr'><em>λαμβάνεινῠ</em></span> 
     </span>
     <span class='ocr_line' id='line_1_31' title="bbox 69 3453 1138 3520; baseline -0.002 -13"><span class='ocrx_word' id='word_1_254' title='bbox 69 3458 149 3517; x_wconf 87' lang='lat' dir='ltr'><strong>(teste</strong></span> <span class='ocrx_word' id='word_1_255' title='bbox 168 3457 301 3519; x_wconf 83' lang='lat' dir='ltr'><strong>Berusrd)</strong></span> <span class='ocrx_word' id='word_1_256' title='bbox 325 3470 380 3506; x_wconf 88' lang='grc' dir='ltr'><em>-νει</em></span> <span class='ocrx_word' id='word_1_257' title='bbox 397 3455 500 3520; x_wconf 80' lang='lat' dir='ltr'><strong>reliqui.</strong></span> <span class='ocrx_word' id='word_1_258' title='bbox 536 3453 599 3504; x_wconf 89' lang='lat' dir='ltr'><strong>Post</strong></span> <span class='ocrx_word' id='word_1_259' title='bbox 616 3455 681 3503; x_wconf 80' lang='lat' dir='ltr'><strong>huuc</strong></span> <span class='ocrx_word' id='word_1_260' title='bbox 698 3470 788 3505; x_wconf 84' lang='lat' dir='ltr'><strong>vocem</strong></span> <span class='ocrx_word' id='word_1_261' title='bbox 807 3455 883 3505; x_wconf 77' lang='lat' dir='ltr'><strong>babet</strong></span> <span class='ocrx_word' id='word_1_262' title='bbox 901 3454 921 3503; x_wconf 88' lang='lat' dir='ltr'>D</span> <span class='ocrx_word' id='word_1_263' title='bbox 940 3454 1040 3514; x_wconf 85' lang='lat' dir='ltr'><strong>(eodem</strong></span> <span class='ocrx_word' id='word_1_264' title='bbox 1059 3457 1138 3517; x_wconf 90' lang='lat' dir='ltr'><strong>teste)</strong></span> 
     </span>
     <span class='ocr_line' id='line_1_32' title="bbox 68 3520 1138 3674; baseline -0.005 -29"><span class='ocrx_word' id='word_1_265' title='bbox 68 3520 265 3672; x_wconf 51' lang='lat' dir='ltr'><em>{iiiiii</em></span> <span class='ocrx_word' id='word_1_266' title='bbox 270 3522 537 3658; x_wconf 57' lang='lat' dir='ltr'><strong>tttttfltlltl?</strong></span> <span class='ocrx_word' id='word_1_267' title='bbox 600 3521 798 3674; x_wconf 46' lang='lat' dir='ltr'><em>mugelli}</em></span> <span class='ocrx_word' id='word_1_268' title='bbox 818 3523 891 3643; x_wconf 74' lang='grc' dir='ltr'><em>λῗλ.</em></span> <span class='ocrx_word' id='word_1_269' title='bbox 906 3522 1138 3654; x_wconf 58' lang='grc' dir='ltr'><em>Ὗιλλλιιὶῗῖ</em></span> 
     </span>
     <span class='ocr_line' id='line_1_33' title="bbox 70 3652 1139 3742; baseline -0.003 -30"><span class='ocrx_word' id='word_1_270' title='bbox 70 3663 128 3712; x_wconf 89' lang='lat' dir='ltr'><strong>rell</strong></span> <span class='ocrx_word' id='word_1_271' title='bbox 169 3660 177 3729; x_wconf 75' lang='grc' dir='ltr'><em>Η</em></span> <span class='ocrx_word' id='word_1_272' title='bbox 219 3652 414 3712; x_wconf 84' lang='grc' dir='ltr'><em>κάλλισται-</em></span> <span class='ocrx_word' id='word_1_273' title='bbox 416 3659 604 3742; x_wconf 81' lang='grc' dir='ltr'><em>πρέπουσαι]</em></span> <span class='ocrx_word' id='word_1_274' title='bbox 634 3657 715 3709; x_wconf 77' lang='grc' dir='ltr'><em>αὗται</em></span> <span class='ocrx_word' id='word_1_275' title='bbox 743 3661 800 3712; x_wconf 87' lang='lat' dir='ltr'><strong>dedi</strong></span> <span class='ocrx_word' id='word_1_276' title='bbox 830 3677 885 3710; x_wconf 88' lang='lat' dir='ltr'><strong>curu</strong></span> <span class='ocrx_word' id='word_1_277' title='bbox 914 3661 1044 3711; x_wconf 76' lang='lat' dir='ltr'><strong>&#39;l&#39;urnebio</strong></span> <span class='ocrx_word' id='word_1_278' title='bbox 1074 3659 1139 3712; x_wconf 92' lang='lat' dir='ltr'><strong>Vul-</strong></span> 
     </span>
     <span class='ocr_line' id='line_1_34' title="bbox 70 3723 1137 3796; baseline -0.004 -15"><span class='ocrx_word' id='word_1_279' title='bbox 70 3731 154 3794; x_wconf 80' lang='lat' dir='ltr'><strong>cotio,</strong></span> <span class='ocrx_word' id='word_1_280' title='bbox 182 3730 286 3782; x_wconf 83' lang='lat' dir='ltr'><strong>Reislrio</strong></span> <span class='ocrx_word' id='word_1_281' title='bbox 317 3747 362 3796; x_wconf 86' lang='lat' dir='ltr'><em>pro</em></span> <span class='ocrx_word' id='word_1_282' title='bbox 390 3723 461 3780; x_wconf 83' lang='grc' dir='ltr'><em>αάτώ</em></span> <span class='ocrx_word' id='word_1_283' title='bbox 489 3730 626 3787; x_wconf 78' lang='lat' dir='ltr'><strong>librorum3</strong></span> <span class='ocrx_word' id='word_1_284' title='bbox 655 3729 699 3778; x_wconf 87' lang='lat' dir='ltr'><strong>sed</strong></span> <span class='ocrx_word' id='word_1_285' title='bbox 726 3729 788 3778; x_wconf 82' lang='lat' dir='ltr'><strong>haec</strong></span> <span class='ocrx_word' id='word_1_286' title='bbox 815 3746 876 3780; x_wconf 82' lang='lat' dir='ltr'><strong>suus</strong></span> <span class='ocrx_word' id='word_1_287' title='bbox 901 3745 957 3779; x_wconf 89' lang='lat' dir='ltr'><strong>esse</strong></span> <span class='ocrx_word' id='word_1_288' title='bbox 982 3729 1029 3779; x_wconf 79' lang='lat' dir='ltr'><em>viu</em></span> <span class='ocrx_word' id='word_1_289' title='bbox 1052 3730 1137 3778; x_wconf 81' lang='lat' dir='ltr'><strong>eredo.</strong></span> 
     </span>
     <span class='ocr_line' id='line_1_35' title="bbox 71 3792 1139 3878; baseline -0.002 -29"><span class='ocrx_word' id='word_1_290' title='bbox 71 3799 208 3850; x_wconf 78' lang='lat' dir='ltr'><strong>Offendunt</strong></span> <span class='ocrx_word' id='word_1_291' title='bbox 245 3800 291 3850; x_wconf 85' lang='grc' dir='ltr'><em>καλ</em></span> <span class='ocrx_word' id='word_1_292' title='bbox 329 3801 408 3854; x_wconf 85' lang='grc' dir='ltr'><em>θεοῖς</em></span> <span class='ocrx_word' id='word_1_293' title='bbox 433 3814 550 3867; x_wconf 83' lang='lat' dir='ltr'><strong>quorum</strong></span> <span class='ocrx_word' id='word_1_294' title='bbox 589 3798 645 3847; x_wconf 86' lang='lat' dir='ltr'><strong>loco</strong></span> <span class='ocrx_word' id='word_1_295' title='bbox 684 3797 803 3878; x_wconf 74' lang='lat' dir='ltr'><strong>desidero</strong></span> <span class='ocrx_word' id='word_1_296' title='bbox 841 3799 887 3847; x_wconf 85' lang='grc' dir='ltr'><em>καλ</em></span> <span class='ocrx_word' id='word_1_297' title='bbox 923 3792 1045 3867; x_wconf 86' lang='grc' dir='ltr'><em>μάλιστα</em></span> <span class='ocrx_word' id='word_1_298' title='bbox 1081 3796 1139 3878; x_wconf 78' lang='grc' dir='ltr'><em>θεῷ</em></span> 
     </span>
     <span class='ocr_line' id='line_1_36' title="bbox 73 3860 1140 3949; baseline -0.002 -30"><span class='ocrx_word' id='word_1_299' title='bbox 73 3869 103 3920; x_wconf 83' lang='grc'><em>19</em></span> <span class='ocrx_word' id='word_1_300' title='bbox 132 3863 179 3924; x_wconf 82' lang='grc' dir='ltr'><em>οὓς</em></span> <span class='ocrx_word' id='word_1_301' title='bbox 204 3867 282 3918; x_wconf 86' lang='lat' dir='ltr'><strong>Turn.</strong></span> <span class='ocrx_word' id='word_1_302' title='bbox 297 3868 384 3919; x_wconf 80' lang='lat' dir='ltr'><strong>Vulcz</strong></span> <span class='ocrx_word' id='word_1_303' title='bbox 414 3870 456 3922; x_wconf 89' lang='grc' dir='ltr'><em>οἱς</em></span> <span class='ocrx_word' id='word_1_304' title='bbox 534 3867 565 3915; x_wconf 87' lang='grc'><em>20</em></span> <span class='ocrx_word' id='word_1_305' title='bbox 593 3860 655 3918; x_wconf 76' lang='grc' dir='ltr'><em>οὐδὲ</em></span> <span class='ocrx_word' id='word_1_306' title='bbox 673 3863 734 3949; x_wconf 83' lang='grc' dir='ltr'><em>γάρ</em></span> <span class='ocrx_word' id='word_1_307' title='bbox 760 3867 915 3917; x_wconf 83' lang='lat' dir='ltr'><strong>BAEVut</strong></span> <span class='ocrx_word' id='word_1_308' title='bbox 930 3867 984 3916; x_wconf 85' lang='lat' dir='ltr'><strong>Pet.</strong></span> <span class='ocrx_word' id='word_1_309' title='bbox 1015 3863 1024 3932; x_wconf 72' lang='lat' dir='ltr'><em>ll</em></span> <span class='ocrx_word' id='word_1_310' title='bbox 1054 3861 1140 3917; x_wconf 81' lang='grc' dir='ltr'><em>αὑτὸν</em></span> 
     </span>
     <span class='ocr_line' id='line_1_37' title="bbox 71 3923 1140 4024; baseline -0.002 -38"><span class='ocrx_word' id='word_1_311' title='bbox 71 3939 184 3988; x_wconf 89' lang='lat' dir='ltr'><strong>uuusB:</strong></span> <span class='ocrx_word' id='word_1_312' title='bbox 204 3931 288 3988; x_wconf 82' lang='grc' dir='ltr'><em>αὐτὸν</em></span> <span class='ocrx_word' id='word_1_313' title='bbox 306 3937 364 3987; x_wconf 90' lang='lat' dir='ltr'><strong>rell.</strong></span> <span class='ocrx_word' id='word_1_314' title='bbox 388 3935 399 3998; x_wconf 89' lang='grc' dir='ltr'><em>ΙΙ</em></span> <span class='ocrx_word' id='word_1_315' title='bbox 424 3930 506 3984; x_wconf 81' lang='grc' dir='ltr'><em>αὐτου</em></span> <span class='ocrx_word' id='word_1_316' title='bbox 525 3935 629 4015; x_wconf 80' lang='lat' dir='ltr'><strong>scripsi.</strong></span> <span class='ocrx_word' id='word_1_317' title='bbox 648 3932 734 3984; x_wconf 86' lang='grc' dir='ltr'><em>αὐτοῦ</em></span> <span class='ocrx_word' id='word_1_318' title='bbox 804 3935 869 3984; x_wconf 88' lang='grc'><em>21’</em></span> <span class='ocrx_word' id='word_1_319' title='bbox 854 3934 950 4024; x_wconf 80' lang='grc' dir='ltr'><em>ηρετῆς</em></span> <span class='ocrx_word' id='word_1_320' title='bbox 967 3951 1011 4000; x_wconf 88' lang='lat' dir='ltr'><em>pro</em></span> <span class='ocrx_word' id='word_1_321' title='bbox 1026 3923 1140 4024; x_wconf 85' lang='grc' dir='ltr'><em>χάριτος</em></span> 
     </span>
     <span class='ocr_line' id='line_1_38' title="bbox 72 3996 1138 4086; baseline -0.001 -30"><span class='ocrx_word' id='word_1_322' title='bbox 72 4006 158 4057; x_wconf 78' lang='grc' dir='ltr'><em>λιιιλιτ.</em></span> <span class='ocrx_word' id='word_1_323' title='bbox 190 4003 199 4071; x_wconf 84' lang='grc' dir='ltr'><em>ΙΙ</em></span> <span class='ocrx_word' id='word_1_324' title='bbox 229 3999 359 4086; x_wconf 85' lang='grc' dir='ltr'><em>ἀλληλους</em></span> <span class='ocrx_word' id='word_1_325' title='bbox 377 4005 450 4054; x_wconf 84' lang='lat' dir='ltr'><strong>Burb.</strong></span> <span class='ocrx_word' id='word_1_326' title='bbox 520 4003 552 4085; x_wconf 82' lang='grc'><em>22</em></span> <span class='ocrx_word' id='word_1_327' title='bbox 569 4000 652 4053; x_wconf 89' lang='grc' dir='ltr'><em>τόνδ’</em></span> <span class='ocrx_word' id='word_1_328' title='bbox 675 3996 746 4065; x_wconf 80' lang='grc' dir='ltr'><em>οὐδ’]</em></span> <span class='ocrx_word' id='word_1_329' title='bbox 768 3999 818 4056; x_wconf 83' lang='grc' dir='ltr'><em>τόν</em></span> <span class='ocrx_word' id='word_1_330' title='bbox 840 4001 900 4055; x_wconf 87' lang='grc' dir='ltr'><em>οὐδ’</em></span> <span class='ocrx_word' id='word_1_331' title='bbox 919 4003 1025 4053; x_wconf 82' lang='lat' dir='ltr'><strong>DBurb.</strong></span> <span class='ocrx_word' id='word_1_332' title='bbox 1060 4001 1138 4055; x_wconf 80' lang='grc' dir='ltr'><em>τοῦδ’</em></span> 
     </span>
     <span class='ocr_line' id='line_1_39' title="bbox 72 4062 1140 4153; baseline -0.002 -29"><span class='ocrx_word' id='word_1_333' title='bbox 72 4073 127 4125; x_wconf 88' lang='lat' dir='ltr'><strong>Pet.</strong></span> <span class='ocrx_word' id='word_1_334' title='bbox 189 4074 222 4124; x_wconf 88' lang='grc'><em>23</em></span> <span class='ocrx_word' id='word_1_335' title='bbox 242 4071 296 4126; x_wconf 81' lang='grc' dir='ltr'><em>δὲ’</em></span> <span class='ocrx_word' id='word_1_336' title='bbox 289 4076 387 4124; x_wconf 81' lang='lat' dir='ltr'><strong>inserui</strong></span> <span class='ocrx_word' id='word_1_337' title='bbox 436 4073 483 4122; x_wconf 84' lang='grc'><em>24</em></span> <span class='ocrx_word' id='word_1_338' title='bbox 501 4068 535 4122; x_wconf 82' lang='grc' dir='ltr'><em>τά</em></span> <span class='ocrx_word' id='word_1_339' title='bbox 551 4072 663 4123; x_wconf 88' lang='lat' dir='ltr'><strong>inseruit</strong></span> <span class='ocrx_word' id='word_1_340' title='bbox 680 4062 838 4138; x_wconf 66' lang='lat' dir='ltr'><strong>Stephanus?</strong></span> <span class='ocrx_word' id='word_1_341' title='bbox 907 4072 939 4122; x_wconf 84' lang='grc'><em>25</em></span> <span class='ocrx_word' id='word_1_342' title='bbox 959 4075 1140 4153; x_wconf 81' lang='grc' dir='ltr'><em>περικαρποῖς</em></span> 
     </span>
     <span class='ocr_line' id='line_1_40' title="bbox 74 4139 1058 4211; baseline -0.002 -19"><span class='ocrx_word' id='word_1_343' title='bbox 74 4143 179 4194; x_wconf 82' lang='lat' dir='ltr'><strong>DBarb.</strong></span> <span class='ocrx_word' id='word_1_344' title='bbox 217 4144 281 4211; x_wconf 80' lang='grc' dir='ltr'><em>περὶ</em></span> <span class='ocrx_word' id='word_1_345' title='bbox 298 4144 414 4211; x_wconf 84' lang='grc' dir='ltr'><em>καρποῖς</em></span> <span class='ocrx_word' id='word_1_346' title='bbox 430 4141 516 4192; x_wconf 83' lang='lat' dir='ltr'><strong>Amhr.</strong></span> <span class='ocrx_word' id='word_1_347' title='bbox 547 4140 556 4208; x_wconf 76' lang='lat' dir='ltr'><em>ll</em></span> <span class='ocrx_word' id='word_1_348' title='bbox 587 4140 744 4210; x_wconf 74' lang='grc' dir='ltr'><em>σπέρματος</em></span> <span class='ocrx_word' id='word_1_349' title='bbox 762 4141 870 4193; x_wconf 77' lang='lat' dir='ltr'><strong>seclusit</strong></span> <span class='ocrx_word' id='word_1_350' title='bbox 887 4139 1058 4192; x_wconf 77' lang='lat' dir='ltr'><strong>Beruurdulis</strong></span> 
     </span>
    </p>
   </div>
   <div class='ocr_carea' id='block_1_4' title="bbox 0 0 1444 4724">
    <p class='ocr_par' dir='ltr' id='par_1_7' title="bbox 0 0 1444 4724">
     <span class='ocr_line' id='line_1_41' title="bbox 0 0 1444 4724; baseline 0 0"><span class='ocrx_word' id='word_1_351' title='bbox 0 0 1444 4724; x_wconf 95' lang='lat' dir='ltr'><em> </em></span> 
     </span>
    </p>
   </div>
  </div>
 </body>
</html>
