2842 4724
27 337 73 390 .1²·
84 328 124 367 ιω
220 368 222 373 ⁴
496 309 677 362 ORAGULIS
1076 313 1117 376 49

51 486 166 562 δεινὸς
199 489 311 552 είπεῖν
343 486 398 550 καλ
432 485 602 573 φρόνιμος.
648 484 686 551 οῦ
715 486 777 571 γάρ
801 489 887 568 είχεν
903 483 1043 574 Ὀμηρος
1064 488 1122 574 τὴν

51 588 159 681 αὐτὴν
181 587 340 678 Πινδάρῳ
367 587 536 668 διάνοιαν,
570 591 602 655 εί
622 611 660 670 γε
686 590 853 676 Πίνδαρος
873 587 914 677 ἢν
935 587 956 657 δ
976 591 1123 677 ποιήσας

105 725 201 789 (θεοῦ
222 719 393 800 θέλοντος,
417 719 478 788 κάν
499 720 559 786 ἐπί
581 720 680 808 ῥιπὸς
703 722 846 799 πλέοις·’
882 739 946 793 (τοι.
961 740 1037 784 ποετ
1051 739 1079 793 ιι)

52 853 128 920 ἀλλ’
162 854 361 934 ἐγίγνωσκεν
395 849 495 929 ἄλλας
527 854 613 940 πρὸς
642 849 726 918 άλλα
748 851 906 939 δυνάμεις
927 853 984 919 καί
1006 854 1124 940 φύσεις

23 961 285 1044 Ιἱγεγενημένας,
320 951 365 1024 ῶν
386 954 505 1042 ἑκάστη
528 967 670 1023 κινεῖται
693 955 878 1043 διαφόρως,
908 955 967 1022 κάν
988 961 1024 1024 ἐν
1044 953 1065 1044 ᾗ
1086 957 1123 1023 τδ

54 1065 172 1129 κινοῦν
204 1058 349 1138 άπάσας.
393 1056 507 1147 ῶσπερ
534 1057 593 1128 οῦν
618 1061 656 1126 τδ
684 1061 797 1128 κινοῦν
818 1060 856 1127 τὸ
879 1059 981 1136 πεζὸν
1003 1058 1043 1127 οῦ
1064 1059 1124 1127 δύ-

53 1189 156 1233 ναται
189 1166 323 1252 κινῆσαι
356 1167 534 1251 πτητικῶς,
569 1161 647 1232 οῦδὲ
678 1165 781 1251 τορῶς
812 1165 850 1230 τδ
884 1164 1026 1252 τραυλὸν
1051 1162 1125 1232 οὐδ’

55 1268 213 1358 εῦφῶνως
240 1269 278 1335 τὸ
309 1267 530 1355 ίσχνόφωνον·
564 1265 649 1334 ἀλλά
678 1269 735 1333 καὶ
756 1266 815 1335 τδν
836 1266 980 1347 Βάττον,
1015 1271 1124 1354 οἶμαι,

55 1374 118 1440 διὰ
150 1374 246 1439 τοῦτο
280 1371 340 1438 ἐπὶ
371 1372 434 1458 την
466 1371 580 1459 φωνην
613 1370 885 1458 παραγενόμενον
917 1373 966 1449 είς
990 1365 1145 1458 Λιβύην,

13 1490 42 1532 1⁰
56 1477 212 1565 ἐπεμψεν
243 1476 405 1562 οῖκιστην,
438 1470 489 1541 ὅτι
522 1475 661 1562 τραυλδς
693 1479 754 1560 μέν
781 1471 900 1562 ἦνκαὶ
924 1469 1128 1562 ἰσχνόφωνος

56 1581 232 1667 βασιλικὸς
253 1579 292 1647 δὲ
311 1577 369 1646 καὶ
384 1579 558 1656 πολιτικὸς
572 1579 629 1644 καί
643 1580 821 1666 φρόνιμος·
844 1574 948 1656 οῦτως
963 1576 1128 1647 ἀδύνατον

56 1684 282 1766 διαλέγεσθαι
322 1686 505 1770 ποιητικῶς
545 1683 603 1750 τδν
639 1678 856 1770 ἀγράμματον
892 1684 949 1748 καὶ
986 1680 1168 1770 άνήκοονο

57 1787 161 1854 ἐπῶν.
206 1783 318 1874 ῶσπερ
350 1781 371 1873 ἦ
403 1789 462 1853 νῦν
489 1787 537 1873 τῷ
558 1789 632 1874 θεῷ
653 1786 858 1873 λατρεύουσα
879 1790 993 1868 γέγονε
1014 1784 1075 1872 μέν
1096 1789 1128 1850 εἴ

57 1916 110 1969 τις
150 1890 249 1968 ἄλλος
286 1890 434 1957 ἐνταῦθα
470 1895 620 1977 νομίμως
637 1891 708 1955 ’καὶ
741 1888 847 1968 καλῶς
879 1891 936 1956 καί
968 1893 1128 1976 βεβίωκεν

18 2013 44 2052 1⁵
59 1991 236 2070 εῦτάκτως·
268 2006 435 2082 τραφεῖσα
456 1994 487 2060 δ’
510 1994 545 2061 ἐν
568 1996 660 2082 οῖκίηι
680 1995 834 2082 γεωργῶν
855 1989 1020 2082 πενήτων,
1054 1991 1129 2061 οὔτε

59 2095 131 2166 ἀπὸ
166 2102 279 2185 τέχνης
309 2095 407 2166 οῦδὲν
438 2096 513 2165 οῦτε
545 2094 602 2165 ἀπ’
636 2096 737 2184 ἄλλης
762 2099 853 2176 τινδς
875 2099 1050 2186 ἐμπειρίας
1072 2099 1128 2162 καὶ

59 2202 235 2288 δυνάμεως
262 2201 487 2289 ἐπιφερομένη
514 2200 664 2270 κάτεισιν
686 2204 734 2279 είς
754 2203 792 2269 το“
815 2201 1025 2290 χρηστήριον,
1059 2197 1129 2268 ἀλλ’

61 2303 175 2394 ῶσπερ
198 2302 391 2392 ῦΞενοφῶν
413 2309 520 2372 οἴεται
543 2306 616 2373 δεῖν
637 2305 796 2390 ἐλάχιστα
817 2307 876 2392 τὴν
890 2304 1023 2393 νύμφην
1039 2304 1128 2372 ῖδοῦ-

61 2428 126 2477 σαν
153 2408 311 2492 ἐλάχιστα
337 2410 358 2475 δ
364 2412 376 2499 ’ῃ
398 2407 590 2476 ἀκούσασαν
616 2412 665 2487 είς
691 2406 810 2498 ἀνδρὸς
831 2409 995 2494 βαδίζειν,
1029 2404 1131 2485 οῦτως

21 2536 47 2575 ιο
62 2512 203 2600 ἄπειρος
233 2514 290 2578 καὶ
323 2510 428 2600 ἀδαης
460 2510 575 2596 ὀλίγον
602 2516 675 2581 δεῖν
700 2512 858 2582 ἁπάντων
880 2514 936 2580 καὶ
959 2516 1131 2601 παρθένος

61 2615 105 2694 ῶς
138 2615 277 2704 ἀληθῶς
308 2617 367 2705 την
399 2619 510 2705 ψυχὴν
541 2621 589 2704 τῷ
620 2620 693 2706 θεῷ
727 2616 890 2684 σύνεστιν.
935 2614 1004 2682 ἀλλ’
1037 2613 1132 2704 ἡμεῖς

62 2721 220 2806 ἐρωδιοῖς
256 2719 403 2806 οἰόμεθα
441 2722 498 2786 καὶ
534 2722 700 2807 τροχίλοις
736 2722 793 2786 καὶ
829 2721 945 2806 κόραξι
981 2722 1132 2806 χρῆσθαι

61 2827 308 2911 φθεγγομένοις
330 2829 536 2911 σημαίνοντα
557 2825 616 2892 τὸν
637 2826 734 2904 θεύν,
758 2825 814 2890 καὶ
838 2822 895 2892 οῦκ
918 2823 1088 2909 ἀξιοῦμεν,
1111 2818 1132 2914 ᾗ

60 2931 154 2993 θεῶν
191 2925 324 3009 ἄγγελοι
358 2930 415 2994 καὶ
448 2924 585 3015 κη’ρυκές
618 2931 702 3007 είσι,
739 2930 880 3010 λογικῶς
916 2933 1038 2994 ἕκαστα
1075 2928 1131 2991 καὶ
1150 2938 1175 2987 D

25 3057 50 3097 ιι
63 3033 181 3117 σαφῶς
204 3030 355 3117 φράζειν·
378 3033 437 3119 τήν
459 3033 497 3098 δὲ
519 3036 575 3119 τῆς
592 3037 728 3110 Πυθίας
748 3034 862 3118 φωνην
883 3033 940 3097 καὶ
959 3029 1131 3097 διάλεκτον

63 3131 177 3222 ῶσπερ
201 3136 244 3180 *δ
265 3132 301 3202 ἐκ
323 3137 484 3223 θυμέλης,
508 3135 566 3202 οῦκ
588 3134 769 3223 ἀνήδυντον
791 3124 869 3202 οῦδὲ
890 3135 984 3222 λιτην
1006 3133 1076 3200 ἀλλ’
1099 3133 1132 3199 ἐν

62 3237 169 3326 μέτρῳ
192 3240 248 3304 καὶ
270 3239 356 3327 ῦγκφ
379 3243 436 3306 καὶ
458 3240 632 3326 πλάσματι
655 3242 711 3306 καί
734 3243 939 3327 μεταφοραῖς
959 3236 1132 3323 ὀνομάτων

63 3344 118 3407 καὶ
141 3345 212 3428 μετ’
234 3339 339 3410 αύλοῦ
360 3348 596 3431 φθεγγομένην
617 3357 790 3431 περιηχεῖν
812 3343 988 3429 ἀξιοῦμεν.’

150 3468 202 3532 23.
236 3471 291 3532 ιΤί
324 3462 384 3534 οῦν
412 3467 563 3553 φήσομεν
596 3468 675 3551 περὶ
706 3469 771 3533 τῶν
800 3466 973 3546 παλαιῶυ,·
1006 3463 1065 3546 οῦχ
1097 3470 1133 3530 ἓν

150 3657 526 3738 ῖΠανδάρῳ-Πάνδαρος
544 3669 619 3719 libri:
644 3684 711 3719 corr.
731 3668 890 3735 Stephanus?
947 3669 963 3718 3
981 3667 1051 3719 θεοῦ
1068 3667 1133 3718 πλέ-

63 3750 143 3793 οντος
160 3729 212 3787 κάν
228 3733 385 3808 ἐπιρρεπῶς
402 3737 465 3788 libri
492 3737 530 3789 Cf.
548 3737 642 3788 δείδιε
665 3755 687 3788 ε.
705 3755 731 3790 v.
750 3734 832 3809 ῥιπὸς
856 3754 911 3788 cum
934 3739 990 3788 οδε.
1010 3735 1132 3788 Ηυοεῖεεί

63 3805 80 3857 4
98 3799 157 3855 ἀλλ’
173 3804 344 3873 ἐγίγνωσκεν]
363 3806 401 3858 ita
415 3807 582 3859 Bernardakis
600 3803 679 3868 (ἀλλὰ
693 3805 822 3874 ἐγίνωσκε
831 3807 920 3874 Xyl.):
940 3802 1007 3858 ἀλλὰ
1018 3809 1133 3872 γίνωσκε

64 3873 149 3926 9-10
159 3871 404 3944 φωνὴν-ἔπεμψεν]
415 3869 655 3948 ῥώμην-ἔπεμψαν
668 3878 729 3929 libri
739 3879 818 3937 (teste
830 3878 961 3938 Bernard.;
984 3876 1047 3926 nihil
1062 3882 1133 3926 notat

63 3946 159 4010 Treu):
188 3962 256 3997 corr.
276 3947 370 3998 Roiske
441 3948 472 3998 15
490 3952 626 4016 τραφεῖσα
644 3948 734 4000 Basii:
758 3953 896 4022 γραφεῖσα
982 3952 1015 4001 25
1038 3951 1134 4018 σαφῶς

65 4015 173 4068 Reiske:
200 4016 295 4085 σοφῶς
376 4017 408 4068 26
426 4017 474 4068 lac.
495 4018 520 4068 in
539 4020 611 4068 codd.
633 4018 664 4069 10
683 4020 746 4071 litt:
773 4027 833 4086 puto
853 4021 890 4071 nil
908 4022 959 4072 nisi
977 4019 1134 4089 τραγωδίαν

64 4086 326 4221 συνίετε,
379 4088 419 4210 λ
437 4083 690 4223 &imiimi
716 4085 919 4211 τανύω
1039 4092 1133 4144 νῖν

117 4171 236 4283 ”335
250 4174 437 4296 Pythicffndjictligi
452 4191 510 4285 ίιεει
638 4180 648 4208 ⁵
694 4178 721 4225 ¹¹⁵
739 4199 744 4209 Ι
762 4179 820 4226 παρ
835 4178 887 4226 χω
953 4251 974 4302 4
