2842 4724
272 281 315 343 70
687 278 737 328 DE
755 276 930 330 DEFEOTU
1272 311 1294 351 p.
1301 301 1339 340 ιιι

273 454 387 541 φωνην
423 453 654 537 ἐξικνουμένην
692 453 740 528 είς
773 449 913 528 πάντας,
959 448 1045 519 οῦτω
1077 454 1152 520 τότε
1187 457 1340 524 πλείοσιν

273 558 388 643 ἐχρῆτο
411 567 540 642 φωναῖς
563 556 647 636 πρὸς
670 555 829 631 πλείονας
850 553 870 641 ἡ
892 555 1049 642 μαντική·
1070 560 1131 624 νῦν
1154 558 1193 623 δὲ
1207 556 1340 626 τούνυν-

272 666 345 726 τίον
368 660 437 725 ἔδει
459 657 649 744 θαυμάζειν
670 657 838 732 τὸνθεόν,
862 660 893 723 εἰ
915 659 1083 745 περιεώρα
1104 660 1165 747 την
1183 664 1341 750 μαντικὴν

273 761 441 849 ἀχρήστως
482 763 577 848 δίκην
619 759 738 837 ῦδατος
779 758 1012 848 ἀπορρέουσαν
1052 762 1072 849 ἢ
1109 764 1271 852 καθάπερ
1307 767 1340 831 αῖ

275 871 394 953 πέτραι
431 869 604 950 ποιμένων
638 864 675 930 ἐν
710 863 831 949 ἐρημίᾳ
866 864 924 928 καὶ
960 865 1182 952 βοσκημάτων
1215 880 1363 955 φωναίςι

274 968 499 1056 ἀντηχοῦσαν.’

362 1075 393 1137 9.
427 1070 593 1146 Εἰπόντος
623 1071 664 1135 δὲ
693 1071 797 1135 ταῦτα
824 1072 883 1136 τοῦ
905 1068 1095 1157 Ἀμμωνίου
1123 1071 1234 1160 κάμοῦ
1263 1093 1340 1142 σιω-

274 1179 413 1253 πώνιος,
441 1172 795 1241 όΚΛΕΟΜΒΡΟΤΟΣ
822 1174 880 1260 ἐμὲ
902 1177 1176 1263 προσαγορεύσας
1200 1178 1280 1266 ’ἤδη
1303 1181 1341 1247 σύ

275 1282 371 1348 τοῦτο
394 1278 556 1352 δέδωκας’
580 1277 643 1364 ἔφη
668 1278 717 1342 ’τὸ
740 1278 796 1342 καὶ
819 1288 933 1344 ποιεῖν
953 1281 1050 1345 ταυτὶ
1073 1281 1115 1346 τά
1130 1295 1274 1368 μαντεία
1289 1285 1341 1350 καῖ

232 1398 257 1447 D
276 1384 427 1468 ἀναιρεῖν
443 1381 502 1447 τὸν
516 1379 631 1459 θεόν;’
646 1378 720 1446 ιοῦκ
735 1380 852 1461 ἔγωγε’
867 1381 1014 1449 ΕΠΙΟΝ·
1032 1382 1269 1469 (ἀναιρεῖσθαι
1284 1388 1339 1473 μέν
1350 1413 1372 1452 ιο

276 1488 339 1570 γὰρ
369 1483 473 1551 οῦθέν
502 1485 595 1566 αίτίᾳ
622 1486 708 1549 θεοῦ
730 1486 817 1570 φημὶ
839 1497 996 1570 μαντεῖον
1024 1485 1101 1553 οῦδὲ
1129 1490 1340 1578 χρηστήριον·

277 1588 346 1655 ἀλλ’
384 1584 496 1673 ώσπερ
532 1584 616 1653 ἄλλα
653 1587 765 1654 πολλὰ
800 1591 978 1667 ποιοῦντος
1010 1589 1092 1678 ἡμῖν
1125 1592 1256 1661 ἐκείνου
1289 1595 1341 1660 καὶ

278 1691 602 1780 παρασκευάζοντος,
631 1690 749 1772 έπάγει
779 1693 916 1778 φθοράν
942 1693 1046 1771 ἐνίοις
1068 1694 1125 1759 καὶ
1148 1697 1340 1784 στέρησινῆ

278 1796 391 1884 φύσις,
412 1796 538 1881 μᾶλλον
553 1796 574 1861 δ
581 1797 590 1821 ’
605 1821 625 1881 η
640 1791 700 1881 ύλη
717 1791 868 1881 στέρησις
884 1792 967 1862 ούσα
982 1802 1007 1880 †
1022 1795 1205 1885 ἀναφεύγει
1220 1803 1245 1881 †
1262 1801 1341 1866 πολ-

277 1901 372 1978 λάκις
383 1901 439 1965 καὶ
452 1896 588 1965 ἀναλύει
604 1900 641 1964 τὸ
656 1899 850 1983 γιγνόμενον
864 1897 932 1966 ini
947 1901 1004 1986 τῆς
1019 1906 1206 1987 κρείττονος
1221 1905 1340 1983 αἰτίας,
1351 1933 1373 1972 ιι

279 2001 363 2071 οῦιω
386 2005 552 2090 μαντικῶν
574 2006 670 2087 οἶμαι
693 2002 865 2088 δυνάμεων
887 2003 1064 2082 σκοτώσεις
1088 2006 1276 2094 ῖδιαιτέρας
1290 2008 1341 2073 καὶ

279 2107 465 2195 ἀναιρέσεις
487 2110 583 2185 εἶναι,
607 2107 718 2173 πολλὰ
739 2107 824 2171 καλά
844 2108 903 2173 τοῦ
925 2109 1011 2174 θεοῦ
1033 2106 1186 2186 διδόντος
1209 2109 1341 2197 ἀνθρώ-

279 2236 358 2288 ποις
387 2206 562 2278 ἀθάνατον
588 2210 625 2276 δὲ
653 2212 771 2296 μηδέν·
802 2206 885 2276 ὥστε
916 2208 1076 2298 θνήσκειν
1104 2213 1161 2278 καὶ
1187 2215 1230 2278 τὰ
1256 2216 1341 2280 θεών

65 2337 197 2391 (inveni)
278 2315 380 2390 θεούς
411 2314 448 2378 δὲ
477 2311 516 2379 οῦ
545 2313 628 2378 κατὰ
650 2314 707 2379 τὸν
729 2315 911 2399 Σοφοκλέα.
956 2315 1013 2401 την
1037 2316 1073 2381 δ’
1097 2313 1217 2383 ούσίαν
1239 2315 1342 2384 αύτών

238 2430 261 2480 E
281 2420 337 2482 καὶ
360 2415 503 2501 δύναμιν
525 2416 561 2483 ἓν
582 2417 621 2504 τῇ
643 2415 743 2501 φύσει
765 2421 822 2482 καὶ
844 2420 883 2508 τῇ
905 2415 966 2504 ῦλη
990 2420 1076 2505 φασὶ
1098 2421 1172 2487 δεῖν
1195 2419 1229 2486 οῖ
1245 2418 1374 2508 σοφοὶιι

279 2628 387 2710 μένης.
427 2623 547 2709 εῦηθες
568 2622 630 2710 γάρ
652 2621 723 2690 ἐστι
745 2626 801 2689 καῖ
825 2626 987 2693 παιδικὸν
1007 2628 1129 2716 κομιδῇ
1150 2627 1188 2693 τύ
1206 2631 1343 2694 οἴεσθαι

278 2723 339 2795 τόν
361 2728 446 2794 θεὸν
468 2725 568 2794 αὐτὸν
590 2724 701 2811 ὥσπερ
724 2727 806 2804 τούς·
827 2725 1128 2815 ἐγγαστριμύθους,
1161 2729 1344 2817 Εὐρυκλέας

280 2830 387 2897 πάλαι
417 2831 491 2898 νυνὶ
513 2830 552 2895 δὲ
575 2828 743 2907 Πύθωνας
766 2837 1119 2917 προσαγορευομένους,
1148 2833 1344 2921 ἐνδυόμενον

280 2935 328 3011 είς
349 2934 392 2999 τά
413 2932 549 3017 σώματα
570 2935 635 2999 τών
658 2939 838 3022 προφητῶν
853 2930 1155 3021 ἀποφθέγγεσθαι,
1177 2950 1249 3015 τοῖς
1264 2933 1343 3005 ἐκεί·
1356 2960 1377 3000 ιι

368 3250 379 3299 1
407 3250 453 3301 καῖ
478 3249 518 3307 εἰς
542 3265 574 3301 π.
591 3249 645 3301 Pal.
675 3246 684 3315 ii
714 3249 831 3301 πλέοσιν
847 3249 921 3300 ΒοτΙι.
1007 3252 1022 3300 5
1046 3251 1117 3302 deest
1139 3248 1170 3304 ἒν
1192 3252 1220 3302 in
1239 3253 1346 3305 Βινίκλ

282 3318 340 3369 Vnt.
354 3317 407 3369 Pet.
495 3319 510 3368 '1
537 3313 570 3371 σύ
597 3308 682 3369 τούτω
699 3318 773 3369 Barb.
809 3317 889 3369 τοῦτο
918 3312 951 3370 σύ
970 3319 1123 3371 ΔηιοπΡτΙ.
1212 3324 1243 3373 10
1271 3321 1347 3375 εἶπεν

281 3386 313 3436 V¹
327 3387 401 3437 Bai-b.
415 3386 499 3438 Ambr.
513 3388 531 3439 B
544 3388 667 3440 Peivit.
754 3388 783 3440 ll
815 3382 930 3444 οὐθενὸς
958 3403 1003 3454 pro
1032 3380 1118 3440 οὐθὲν
1144 3386 1196 3439 Pal.
1231 3387 1242 3456 {J
1279 3392 1347 3459 φημὶ

281 3457 362 3518 θεοῦ]
390 3455 476 3506 Αιτιίιτ.
495 3455 548 3507 Pal.
636 3456 668 3506 14
704 3445 865 3524 ἀναφεύγει]
901 3464 1056 3522 corruptum.
1103 3453 1247 3526 ἀναφαίνει
1282 3460 1345 3524 conj.

281 3523 425 3591 Xylander.
465 3523 537 3577 Fort.
556 3521 682 3592 ἀμαυροῖ
695 3523 740 3586 (εί.
760 3521 904 3582 σκοτώσεις
921 3527 967 3576 καῖ
984 3519 1149 3591 ἀναιρέσεις)
1221 3527 1252 3577 16
1276 3526 1345 3578 ῖδια-

281 3594 368 3660 ιτέρας
385 3593 490 3660 scripsi:
512 3592 602 3666 ἑτέρας
619 3593 681 3644 libri
753 3593 782 3643 17
810 3591 861 3643 τοῦ
879 3593 989 3644 οιτι.ΒΕ
1060 3592 1091 3643 18
1117 3592 1203 3662 μηδὲν
1222 3596 1309 3647 Ambr.
1323 3597 1346 3646 B.

280 3659 371 3728 μηθὲν
397 3661 454 3712 rell.
524 3663 557 3714 20
584 3662 634 3726 τὴν
651 3656 768 3727 δύναμιν
787 3661 859 3713 ΒετΙι.
889 3659 898 3728 ΙΙ
928 3659 991 3718 τοὺς
1012 3670 1070 3729 post
1093 3659 1215 3730 δύναμιν
1233 3664 1346 3716 inserunt

282 3744 369 3780 omnes
387 3737 491 3796 praeter
510 3731 543 3783 V1
556 3731 628 3782 Bari).
659 3727 667 3795 ΙΙ
698 3731 769 3798 φασί
792 3728 852 3785 δεῖν
874 3730 901 3781 οἱ
924 3731 1010 3799 σοφοῖ
1029 3730 1113 3796 ζητεῖν
1130 3732 1235 3798 scripsi:
1262 3734 1347 3800 φασὶν

281 3798 334 3857 ί-σῖ
351 3798 436 3861 Barb.)
453 3796 512 3852 δεῖν
528 3791 571 3856 οἷς
588 3796 709 3868 ὀφείλειν
725 3798 812 3864 ζητεῖν
831 3799 949 3852 v1ssarb.
967 3802 1012 3862 (ex
1029 3799 1118 3869 φασὶν
1140 3800 1168 3850 οί
1190 3802 1276 3920 σοφοὶ
1293 3801 1347 3853 δεῖν

282 3863 301 3922 ζ.
327 3873 354 3916 ot
380 3867 451 3934 φασί
476 3866 533 3920 δεῖν
559 3867 587 3918 ol
613 3881 637 3919 σ.
659 3868 678 3928 ζ.
702 3866 837 3931 coniecta).
873 3868 959 3936 φασῖν
977 3871 1029 3932 (-σι
1050 3870 1077 3931 Β)
1095 3865 1201 3926 δείνους
1243 3871 1347 3939 φτίλειν

281 3932 346 3993 (-λει
364 3935 448 3986 Ambr.
462 3934 517 3986 Pal.
532 3937 560 4001 Β)
587 3935 672 4002 ζητεῖν
698 3937 792 4003 reliqui
873 3938 907 3986 24
932 3935 961 3988 δὲ
987 3938 1091 3988 videtur
1118 3938 1207 3989 deesse
1234 3940 1259 3989 in
1279 3937 1345 4000 VE3

283 4001 354 4052 deest
371 4003 395 4052 in
415 4004 508 4055 Aldina
526 4012 600 4070 atque
618 4007 644 4056 in
664 4004 822 4057 editionibus
840 4013 898 4057 ante
918 4006 1077 4057 Duebnerum
