<?xml version="1.0" encoding="UTF-8"?>
<!DOCTYPE html PUBLIC "-//W3C//DTD XHTML 1.0 Transitional//EN"
    "http://www.w3.org/TR/xhtml1/DTD/xhtml1-transitional.dtd">
<html xmlns="http://www.w3.org/1999/xhtml" xml:lang="en" lang="en">
 <head>
  <title>
</title>
<meta http-equiv="Content-Type" content="text/html;charset=utf-8" />
  <meta name='ocr-system' content='tesseract 3.04.00' />
  <meta name='ocr-capabilities' content='ocr_page ocr_carea ocr_par ocr_line ocrx_word'/>
</head>
<body>
  <div class='ocr_page' id='page_1' title='image "./pythicidialogit00plutgoog_0160.png"; bbox 0 0 2842 4724; ppageno 0'>
   <div class='ocr_carea' id='block_1_1' title="bbox 176 299 1236 373">
    <p class='ocr_par' dir='ltr' id='par_1_1' title="bbox 176 299 1236 373">
     <span class='ocr_line' id='line_1_1' title="bbox 176 299 1236 373; baseline 0.002 -20"><span class='ocrx_word' id='word_1_1' title='bbox 176 322 246 373; x_wconf 58' lang='grc' dir='ltr'><strong><em>,τα</em></strong></span> <span class='ocrx_word' id='word_1_2' title='bbox 579 299 834 356; x_wconf 72' lang='grc' dir='ltr'><strong><em>οτκυυτοπυυ</em></strong></span> <span class='ocrx_word' id='word_1_3' title='bbox 1177 301 1236 365; x_wconf 78' lang='lat'><strong><em>121</em></strong></span> 
     </span>
    </p>
   </div>
   <div class='ocr_carea' id='block_1_2' title="bbox 129 478 1285 2336">
    <p class='ocr_par' dir='ltr' id='par_1_2' title="bbox 129 478 1285 2336">
     <span class='ocr_line' id='line_1_2' title="bbox 176 478 1241 566; baseline 0 -20"><span class='ocrx_word' id='word_1_4' title='bbox 176 486 287 557; x_wconf 77' lang='grc' dir='ltr'><strong><em>αἰτίας</em></strong></span> <span class='ocrx_word' id='word_1_5' title='bbox 309 481 369 566; x_wconf 77' lang='grc' dir='ltr'><strong><em>μὲν</em></strong></span> <span class='ocrx_word' id='word_1_6' title='bbox 391 480 466 561; x_wconf 85' lang='grc' dir='ltr'><strong><em>ἔσχε</em></strong></span> <span class='ocrx_word' id='word_1_7' title='bbox 487 481 545 555; x_wconf 87' lang='grc' dir='ltr'><strong><em>τάς</em></strong></span> <span class='ocrx_word' id='word_1_8' title='bbox 564 478 690 558; x_wconf 89' lang='grc' dir='ltr'><strong><em>ῦλικάς,</em></strong></span> <span class='ocrx_word' id='word_1_9' title='bbox 715 482 781 565; x_wconf 99' lang='grc' dir='ltr'><strong><em>πῦρ</em></strong></span> <span class='ocrx_word' id='word_1_10' title='bbox 801 481 857 545; x_wconf 87' lang='grc' dir='ltr'><strong><em>καὶ</em></strong></span> <span class='ocrx_word' id='word_1_11' title='bbox 874 481 1012 565; x_wconf 91' lang='grc' dir='ltr'><strong><em>σίδηρον</em></strong></span> <span class='ocrx_word' id='word_1_12' title='bbox 1026 481 1081 544; x_wconf 89' lang='grc' dir='ltr'><strong><em>καὶ</em></strong></span> <span class='ocrx_word' id='word_1_13' title='bbox 1097 479 1241 565; x_wconf 80' lang='grc' dir='ltr'><strong><em>μάλαξιν</em></strong></span> 
     </span>
     <span class='ocr_line' id='line_1_3' title="bbox 176 580 1239 671; baseline -0.002 -17"><span class='ocrx_word' id='word_1_14' title='bbox 176 588 237 654; x_wconf 87' lang='grc' dir='ltr'><strong><em>διὰ</em></strong></span> <span class='ocrx_word' id='word_1_15' title='bbox 258 586 363 671; x_wconf 85' lang='grc' dir='ltr'><strong><em>πυρός</em></strong></span> <span class='ocrx_word' id='word_1_16' title='bbox 385 584 441 651; x_wconf 90' lang='grc' dir='ltr'><strong><em>καὶ</em></strong></span> <span class='ocrx_word' id='word_1_17' title='bbox 458 586 544 670; x_wconf 90' lang='grc' dir='ltr'><strong><em>&lt;δι’&gt;</em></strong></span> <span class='ocrx_word' id='word_1_18' title='bbox 564 583 684 661; x_wconf 80' lang='grc' dir='ltr'><strong><em>ὕδατος</em></strong></span> <span class='ocrx_word' id='word_1_19' title='bbox 705 586 830 671; x_wconf 77' lang='grc' dir='ltr'><strong><em>βαφήν,</em></strong></span> <span class='ocrx_word' id='word_1_20' title='bbox 855 580 899 653; x_wconf 86' lang='grc' dir='ltr'><strong><em>ών</em></strong></span> <span class='ocrx_word' id='word_1_21' title='bbox 921 584 998 652; x_wconf 84' lang='grc' dir='ltr'><strong><em>ἄνευ</em></strong></span> <span class='ocrx_word' id='word_1_22' title='bbox 1020 590 1180 666; x_wconf 85' lang='grc' dir='ltr'><strong><em>γενέσθαι</em></strong></span> <span class='ocrx_word' id='word_1_23' title='bbox 1202 585 1239 652; x_wconf 85' lang='grc' dir='ltr'><strong><em>τό</em></strong></span> 
     </span>
     <span class='ocr_line' id='line_1_4' title="bbox 177 688 1240 779; baseline -0.005 -21"><span class='ocrx_word' id='word_1_24' title='bbox 177 693 274 779; x_wconf 84' lang='grc' dir='ltr'><strong><em>ἔργον</em></strong></span> <span class='ocrx_word' id='word_1_25' title='bbox 306 688 446 775; x_wconf 77' lang='grc' dir='ltr'><strong><em>οὐδεμία</em></strong></span> <span class='ocrx_word' id='word_1_26' title='bbox 479 689 620 777; x_wconf 83' lang='grc' dir='ltr'><strong><em>μηχανή·</em></strong></span> <span class='ocrx_word' id='word_1_27' title='bbox 652 691 713 776; x_wconf 70' lang='grc' dir='ltr'><strong><em>“τη“ν</em></strong></span> <span class='ocrx_word' id='word_1_28' title='bbox 746 691 784 756; x_wconf 82' lang='grc' dir='ltr'><strong><em>δὲ</em></strong></span> <span class='ocrx_word' id='word_1_29' title='bbox 815 695 1017 776; x_wconf 81' lang='grc' dir='ltr'><strong><em>κυριωτέραν</em></strong></span> <span class='ocrx_word' id='word_1_30' title='bbox 1050 689 1152 777; x_wconf 76' lang='grc' dir='ltr'><strong><em>ἀρχὴν</em></strong></span> <span class='ocrx_word' id='word_1_31' title='bbox 1184 691 1240 754; x_wconf 91' lang='grc' dir='ltr'><strong><em>καὶ</em></strong></span> 
     </span>
     <span class='ocr_line' id='line_1_5' title="bbox 176 792 1282 881; baseline -0.003 -20"><span class='ocrx_word' id='word_1_32' title='bbox 176 799 279 861; x_wconf 93' lang='grc' dir='ltr'><strong><em>ταῦτα</em></strong></span> <span class='ocrx_word' id='word_1_33' title='bbox 313 797 470 862; x_wconf 77' lang='grc' dir='ltr'><strong><em>κινοῦσαν</em></strong></span> <span class='ocrx_word' id='word_1_34' title='bbox 502 795 557 858; x_wconf 89' lang='grc' dir='ltr'><strong><em>καὶ</em></strong></span> <span class='ocrx_word' id='word_1_35' title='bbox 581 795 640 860; x_wconf 84' lang='grc' dir='ltr'><strong><em>διὰ</em></strong></span> <span class='ocrx_word' id='word_1_36' title='bbox 661 793 785 860; x_wconf 90' lang='grc' dir='ltr'><strong><em>τοῦτων</em></strong></span> <span class='ocrx_word' id='word_1_37' title='bbox 807 795 1003 881; x_wconf 77' lang='grc' dir='ltr'><strong><em>ἐνεργοῦσαν</em></strong></span> <span class='ocrx_word' id='word_1_38' title='bbox 1025 792 1046 881; x_wconf 82' lang='grc' dir='ltr'><em>ἦ</em></span> <span class='ocrx_word' id='word_1_39' title='bbox 1067 799 1161 880; x_wconf 80' lang='grc' dir='ltr'><strong><em>τέχνη</em></strong></span> <span class='ocrx_word' id='word_1_40' title='bbox 1184 795 1240 859; x_wconf 89' lang='grc' dir='ltr'><strong><em>καὶ</em></strong></span> <span class='ocrx_word' id='word_1_41' title='bbox 1261 796 1282 846; x_wconf 84' lang='grc' dir='ltr'><strong>Β</strong></span> 
     </span>
     <span class='ocr_line' id='line_1_6' title="bbox 148 899 1242 984; baseline -0.004 -18"><span class='ocrx_word' id='word_1_42' title='bbox 148 900 195 966; x_wconf 71' lang='grc' dir='ltr'><strong><em>ῡό</em></strong></span> <span class='ocrx_word' id='word_1_43' title='bbox 218 900 315 980; x_wconf 92' lang='grc' dir='ltr'><strong><em>λόγος</em></strong></span> <span class='ocrx_word' id='word_1_44' title='bbox 337 901 382 984; x_wconf 75' lang='grc' dir='ltr'><strong><em>τῷ</em></strong></span> <span class='ocrx_word' id='word_1_45' title='bbox 403 903 428 978; x_wconf 87' lang='lat'>†</span> <span class='ocrx_word' id='word_1_46' title='bbox 450 899 527 984; x_wconf 83' lang='grc' dir='ltr'><strong><em>ἐρίῳ</em></strong></span> <span class='ocrx_word' id='word_1_47' title='bbox 550 903 574 978; x_wconf 92' lang='lat'>†</span> <span class='ocrx_word' id='word_1_48' title='bbox 598 904 753 983; x_wconf 81' lang='grc' dir='ltr'><strong><em>παρέσχε.</em></strong></span> <span class='ocrx_word' id='word_1_49' title='bbox 797 900 853 962; x_wconf 91' lang='grc' dir='ltr'><strong><em>καὶ</em></strong></span> <span class='ocrx_word' id='word_1_50' title='bbox 883 900 949 984; x_wconf 81' lang='grc' dir='ltr'><strong><em>μην</em></strong></span> <span class='ocrx_word' id='word_1_51' title='bbox 977 900 1043 964; x_wconf 90' lang='grc' dir='ltr'><strong><em>τών</em></strong></span> <span class='ocrx_word' id='word_1_52' title='bbox 1073 923 1110 979; x_wconf 93' lang='grc' dir='ltr'><strong><em>γε</em></strong></span> <span class='ocrx_word' id='word_1_53' title='bbox 1138 923 1242 984; x_wconf 90' lang='grc' dir='ltr'><strong><em>μιμη-</em></strong></span> 
     </span>
     <span class='ocr_line' id='line_1_7' title="bbox 176 1000 1242 1089; baseline -0.001 -21"><span class='ocrx_word' id='word_1_54' title='bbox 176 1003 290 1089; x_wconf 89' lang='grc' dir='ltr'><strong><em>μάτων</em></strong></span> <span class='ocrx_word' id='word_1_55' title='bbox 310 1002 435 1068; x_wconf 89' lang='grc' dir='ltr'><strong><em>τοῦτων</em></strong></span> <span class='ocrx_word' id='word_1_56' title='bbox 458 1003 513 1067; x_wconf 93' lang='grc' dir='ltr'><strong><em>καὶ</em></strong></span> <span class='ocrx_word' id='word_1_57' title='bbox 537 1001 683 1067; x_wconf 75' lang='grc' dir='ltr'><strong><em>εἰδώλων</em></strong></span> <span class='ocrx_word' id='word_1_58' title='bbox 705 1000 845 1089; x_wconf 84' lang='grc' dir='ltr'><strong><em>ποιητής</em></strong></span> <span class='ocrx_word' id='word_1_59' title='bbox 863 1001 952 1089; x_wconf 89' lang='grc' dir='ltr'><strong><em>&lt;τις&gt;</em></strong></span> <span class='ocrx_word' id='word_1_60' title='bbox 970 1004 1026 1066; x_wconf 89' lang='grc' dir='ltr'><strong><em>καὶ</em></strong></span> <span class='ocrx_word' id='word_1_61' title='bbox 1042 1001 1242 1088; x_wconf 86' lang='grc' dir='ltr'><strong><em>δημιουργός</em></strong></span> 
     </span>
     <span class='ocr_line' id='line_1_8' title="bbox 177 1109 709 1194; baseline -0.017 -19"><span class='ocrx_word' id='word_1_62' title='bbox 177 1109 436 1194; x_wconf 83' lang='grc' dir='ltr'><strong><em>ἐπιγέγραπται·</em></strong></span> <span class='ocrx_word' id='word_1_63' title='bbox 460 1125 709 1179; x_wconf 69' lang='lat' dir='ltr'><strong>(simonismsos)</strong></span> 
     </span>
     <span class='ocr_line' id='line_1_9' title="bbox 256 1205 1179 1298; baseline 0 -23"><span class='ocrx_word' id='word_1_64' title='bbox 256 1209 378 1298; x_wconf 68' lang='grc' dir='ltr'><strong><em>ιγράψε</em></strong></span> <span class='ocrx_word' id='word_1_65' title='bbox 402 1208 630 1292; x_wconf 89' lang='grc' dir='ltr'><strong><em>Πολόγνωτος,</em></strong></span> <span class='ocrx_word' id='word_1_66' title='bbox 655 1205 784 1287; x_wconf 85' lang='grc' dir='ltr'><strong><em>Θάσιος</em></strong></span> <span class='ocrx_word' id='word_1_67' title='bbox 807 1215 912 1292; x_wconf 82' lang='grc' dir='ltr'><strong><em>γένος,</em></strong></span> <span class='ocrx_word' id='word_1_68' title='bbox 931 1209 1179 1295; x_wconf 79' lang='grc' dir='ltr'><strong><em>Ἀγλαοφῶντος</em></strong></span> 
     </span>
     <span class='ocr_line' id='line_1_10' title="bbox 318 1312 964 1402; baseline 0 -21"><span class='ocrx_word' id='word_1_69' title='bbox 318 1314 391 1391; x_wconf 81' lang='grc' dir='ltr'><strong><em>υὶός</em></strong></span> <span class='ocrx_word' id='word_1_70' title='bbox 413 1319 629 1401; x_wconf 72' lang='grc' dir='ltr'><strong><em>περθομέναν</em></strong></span> <span class='ocrx_word' id='word_1_71' title='bbox 646 1313 744 1381; x_wconf 82' lang='grc' dir='ltr'><strong><em>Ἰλίου</em></strong></span> <span class='ocrx_word' id='word_1_72' title='bbox 768 1312 964 1402; x_wconf 84' lang='grc' dir='ltr'><strong><em>άκρόπολιν’</em></strong></span> 
     </span>
     <span class='ocr_line' id='line_1_11' title="bbox 133 1417 1244 1507; baseline 0 -27"><span class='ocrx_word' id='word_1_73' title='bbox 133 1423 161 1481; x_wconf 81' lang='grc' dir='ltr'><strong><em>το</em></strong></span> <span class='ocrx_word' id='word_1_74' title='bbox 176 1418 220 1496; x_wconf 87' lang='grc' dir='ltr'><strong><em>ώς</em></strong></span> <span class='ocrx_word' id='word_1_75' title='bbox 248 1419 345 1506; x_wconf 86' lang='grc' dir='ltr'><strong><em>όρᾶτε</em></strong></span> <span class='ocrx_word' id='word_1_76' title='bbox 371 1420 517 1507; x_wconf 78' lang='grc' dir='ltr'><strong><em>γράψας·</em></strong></span> <span class='ocrx_word' id='word_1_77' title='bbox 547 1419 625 1485; x_wconf 83' lang='grc' dir='ltr'><strong><em>ἄνευ</em></strong></span> <span class='ocrx_word' id='word_1_78' title='bbox 655 1419 693 1485; x_wconf 85' lang='grc' dir='ltr'><strong><em>δέ</em></strong></span> <span class='ocrx_word' id='word_1_79' title='bbox 722 1423 906 1506; x_wconf 77' lang='grc' dir='ltr'><strong><em>φαρμάκων</em></strong></span> <span class='ocrx_word' id='word_1_80' title='bbox 928 1422 1166 1504; x_wconf 73' lang='grc' dir='ltr'><strong><em>συντριβέντων</em></strong></span> <span class='ocrx_word' id='word_1_81' title='bbox 1188 1417 1244 1482; x_wconf 90' lang='grc' dir='ltr'><strong><em>καὶ</em></strong></span> 
     </span>
     <span class='ocr_line' id='line_1_12' title="bbox 176 1520 1244 1611; baseline -0.004 -21"><span class='ocrx_word' id='word_1_82' title='bbox 176 1527 443 1611; x_wconf 69' lang='grc' dir='ltr'><strong><em>συμφθαρέντων</em></strong></span> <span class='ocrx_word' id='word_1_83' title='bbox 469 1521 626 1610; x_wconf 76' lang='grc' dir='ltr'><strong><em>ἀλληλοις</em></strong></span> <span class='ocrx_word' id='word_1_84' title='bbox 653 1520 750 1589; x_wconf 80' lang='grc' dir='ltr'><strong><em>οῦδὲν</em></strong></span> <span class='ocrx_word' id='word_1_85' title='bbox 776 1521 816 1610; x_wconf 84' lang='grc' dir='ltr'><strong><em>ἦν</em></strong></span> <span class='ocrx_word' id='word_1_86' title='bbox 838 1522 912 1589; x_wconf 88' lang='grc' dir='ltr'><strong><em>οίόν</em></strong></span> <span class='ocrx_word' id='word_1_87' title='bbox 933 1547 968 1587; x_wconf 87' lang='grc' dir='ltr'><strong><em>τε</em></strong></span> <span class='ocrx_word' id='word_1_88' title='bbox 989 1521 1145 1606; x_wconf 80' lang='grc' dir='ltr'><strong><em>τοιαύτην</em></strong></span> <span class='ocrx_word' id='word_1_89' title='bbox 1167 1521 1244 1586; x_wconf 93' lang='grc' dir='ltr'><strong><em>διά-</em></strong></span> 
     </span>
     <span class='ocr_line' id='line_1_13' title="bbox 175 1621 1244 1713; baseline -0.004 -20"><span class='ocrx_word' id='word_1_90' title='bbox 175 1633 276 1694; x_wconf 87' lang='grc' dir='ltr'><strong><em>θεσιν</em></strong></span> <span class='ocrx_word' id='word_1_91' title='bbox 299 1627 416 1711; x_wconf 72' lang='grc' dir='ltr'><strong><em>λαβεῖν</em></strong></span> <span class='ocrx_word' id='word_1_92' title='bbox 438 1628 494 1691; x_wconf 90' lang='grc' dir='ltr'><strong><em>καὶ</em></strong></span> <span class='ocrx_word' id='word_1_93' title='bbox 518 1626 608 1713; x_wconf 79' lang='grc' dir='ltr'><strong><em>ὄψιν.</em></strong></span> <span class='ocrx_word' id='word_1_94' title='bbox 654 1625 703 1713; x_wconf 85' lang='grc' dir='ltr'><strong><em>ἆρ’</em></strong></span> <span class='ocrx_word' id='word_1_95' title='bbox 728 1624 786 1693; x_wconf 91' lang='grc' dir='ltr'><strong><em>οῦν</em></strong></span> <span class='ocrx_word' id='word_1_96' title='bbox 808 1626 826 1692; x_wconf 87' lang='grc' dir='ltr'><strong><em>δ</em></strong></span> <span class='ocrx_word' id='word_1_97' title='bbox 847 1625 1048 1710; x_wconf 72' lang='grc' dir='ltr'><strong><em>βουλόμενος</em></strong></span> <span class='ocrx_word' id='word_1_98' title='bbox 1070 1621 1244 1690; x_wconf 82' lang='grc' dir='ltr'><strong><em>ἅπτεσθαι</em></strong></span> 
     </span>
     <span class='ocr_line' id='line_1_14' title="bbox 174 1727 1244 1819; baseline -0.005 -22"><span class='ocrx_word' id='word_1_99' title='bbox 174 1734 231 1819; x_wconf 83' lang='grc' dir='ltr'><strong><em>τῆς</em></strong></span> <span class='ocrx_word' id='word_1_100' title='bbox 253 1730 365 1817; x_wconf 80' lang='grc' dir='ltr'><strong><em>ὑλικῆς</em></strong></span> <span class='ocrx_word' id='word_1_101' title='bbox 387 1728 499 1816; x_wconf 75' lang='grc' dir='ltr'><strong><em>ἀρχῆς,</em></strong></span> <span class='ocrx_word' id='word_1_102' title='bbox 533 1729 634 1816; x_wconf 87' lang='grc' dir='ltr'><strong><em>ζητών</em></strong></span> <span class='ocrx_word' id='word_1_103' title='bbox 656 1731 693 1795; x_wconf 88' lang='grc' dir='ltr'><strong><em>δέ</em></strong></span> <span class='ocrx_word' id='word_1_104' title='bbox 721 1732 778 1794; x_wconf 90' lang='grc' dir='ltr'><strong><em>καὶ</em></strong></span> <span class='ocrx_word' id='word_1_105' title='bbox 801 1729 970 1795; x_wconf 82' lang='grc' dir='ltr'><strong><em>διδάσκων</em></strong></span> <span class='ocrx_word' id='word_1_106' title='bbox 991 1730 1033 1794; x_wconf 85' lang='grc' dir='ltr'><strong><em>τὰ</em></strong></span> <span class='ocrx_word' id='word_1_107' title='bbox 1055 1727 1244 1814; x_wconf 85' lang='grc' dir='ltr'><strong><em>παθήματα</em></strong></span> 
     </span>
     <span class='ocr_line' id='line_1_15' title="bbox 175 1831 1244 1920; baseline -0.005 -20"><span class='ocrx_word' id='word_1_108' title='bbox 175 1837 232 1900; x_wconf 93' lang='grc' dir='ltr'><strong><em>καὶ</em></strong></span> <span class='ocrx_word' id='word_1_109' title='bbox 254 1837 313 1912; x_wconf 89' lang='grc' dir='ltr'><strong><em>τὰς</em></strong></span> <span class='ocrx_word' id='word_1_110' title='bbox 335 1835 542 1920; x_wconf 83' lang='grc' dir='ltr'><strong><em>διαφθοράς,</em></strong></span> <span class='ocrx_word' id='word_1_111' title='bbox 567 1831 606 1910; x_wconf 80' lang='grc' dir='ltr'><strong><em>ἃς</em></strong></span> <span class='ocrx_word' id='word_1_112' title='bbox 629 1834 717 1920; x_wconf 81' lang='grc' dir='ltr'><strong><em>ὤχρᾳ</em></strong></span> <span class='ocrx_word' id='word_1_113' title='bbox 739 1837 904 1919; x_wconf 79' lang='grc' dir='ltr'><strong><em>μιχθεῖσα</em></strong></span> <span class='ocrx_word' id='word_1_114' title='bbox 928 1834 1069 1908; x_wconf 77' lang='grc' dir='ltr'><strong><em>σινωπὶς</em></strong></span> <span class='ocrx_word' id='word_1_115' title='bbox 1085 1837 1171 1914; x_wconf 82' lang='grc' dir='ltr'><strong><em>ἴσχει</em></strong></span> <span class='ocrx_word' id='word_1_116' title='bbox 1188 1833 1244 1895; x_wconf 91' lang='grc' dir='ltr'><strong><em>καὶ</em></strong></span> 
     </span>
     <span class='ocr_line' id='line_1_16' title="bbox 129 1933 1285 2025; baseline -0.003 -21"><span class='ocrx_word' id='word_1_117' title='bbox 129 1965 159 2012; x_wconf 65' lang='grc' dir='ltr'><strong><em>4τε</em></strong></span> <span class='ocrx_word' id='word_1_118' title='bbox 174 1939 291 2024; x_wconf 89' lang='grc' dir='ltr'><strong><em>μέλανι</em></strong></span> <span class='ocrx_word' id='word_1_119' title='bbox 313 1940 445 2025; x_wconf 80' lang='grc' dir='ltr'><strong><em>μηλιάς,</em></strong></span> <span class='ocrx_word' id='word_1_120' title='bbox 469 1936 665 2024; x_wconf 78' lang='grc' dir='ltr'><strong><em>ἀφαιρεῖται</em></strong></span> <span class='ocrx_word' id='word_1_121' title='bbox 687 1938 746 2024; x_wconf 87' lang='grc' dir='ltr'><strong><em>τη“ν</em></strong></span> <span class='ocrx_word' id='word_1_122' title='bbox 767 1940 826 2004; x_wconf 88' lang='grc' dir='ltr'><strong><em>τοῦ</em></strong></span> <span class='ocrx_word' id='word_1_123' title='bbox 843 1935 1060 2014; x_wconf 79' lang='grc' dir='ltr'><strong><em>Πολυγνώτου</em></strong></span> <span class='ocrx_word' id='word_1_124' title='bbox 1083 1934 1197 2011; x_wconf 82' lang='grc' dir='ltr'><strong><em>δόξαν·</em></strong></span> <span class='ocrx_word' id='word_1_125' title='bbox 1225 1933 1285 2000; x_wconf 80' lang='lat'><strong><em>0‘0</em></strong></span> 
     </span>
     <span class='ocr_line' id='line_1_17' title="bbox 174 2036 1244 2129; baseline -0.002 -22"><span class='ocrx_word' id='word_1_126' title='bbox 174 2044 213 2108; x_wconf 83' lang='grc' dir='ltr'><strong><em>δέ</em></strong></span> <span class='ocrx_word' id='word_1_127' title='bbox 240 2045 299 2107; x_wconf 92' lang='grc' dir='ltr'><strong><em>τοῦ</em></strong></span> <span class='ocrx_word' id='word_1_128' title='bbox 329 2041 467 2129; x_wconf 85' lang='grc' dir='ltr'><strong><em>σιδήρου</em></strong></span> <span class='ocrx_word' id='word_1_129' title='bbox 494 2043 551 2128; x_wconf 81' lang='grc' dir='ltr'><strong><em>την</em></strong></span> <span class='ocrx_word' id='word_1_130' title='bbox 574 2043 743 2128; x_wconf 86' lang='grc' dir='ltr'><strong><em>στόμωσιν</em></strong></span> <span class='ocrx_word' id='word_1_131' title='bbox 766 2042 907 2116; x_wconf 79' lang='grc' dir='ltr'><strong><em>ἐπεξιών</em></strong></span> <span class='ocrx_word' id='word_1_132' title='bbox 929 2043 984 2105; x_wconf 89' lang='grc' dir='ltr'><strong><em>καὶ</em></strong></span> <span class='ocrx_word' id='word_1_133' title='bbox 1007 2041 1066 2126; x_wconf 83' lang='grc' dir='ltr'><strong><em>την</em></strong></span> <span class='ocrx_word' id='word_1_134' title='bbox 1088 2036 1244 2124; x_wconf 84' lang='grc' dir='ltr'><strong><em>μάλαξιν,</em></strong></span> 
     </span>
     <span class='ocr_line' id='line_1_18' title="bbox 176 2142 1245 2235; baseline -0.006 -21"><span class='ocrx_word' id='word_1_135' title='bbox 176 2143 228 2214; x_wconf 86' lang='grc' dir='ltr'><strong><em>ότι</em></strong></span> <span class='ocrx_word' id='word_1_136' title='bbox 261 2149 306 2233; x_wconf 78' lang='grc' dir='ltr'><strong><em>τῷ</em></strong></span> <span class='ocrx_word' id='word_1_137' title='bbox 339 2147 400 2232; x_wconf 83' lang='grc' dir='ltr'><strong><em>μέν</em></strong></span> <span class='ocrx_word' id='word_1_138' title='bbox 432 2149 513 2235; x_wconf 89' lang='grc' dir='ltr'><strong><em>πυρὶ</em></strong></span> <span class='ocrx_word' id='word_1_139' title='bbox 543 2148 727 2229; x_wconf 74' lang='grc' dir='ltr'><strong><em>χαλασθεὶς</em></strong></span> <span class='ocrx_word' id='word_1_140' title='bbox 757 2145 914 2211; x_wconf 72' lang='grc' dir='ltr'><strong><em>ἐνδίδωσι</em></strong></span> <span class='ocrx_word' id='word_1_141' title='bbox 942 2145 998 2209; x_wconf 91' lang='grc' dir='ltr'><strong><em>καὶ</em></strong></span> <span class='ocrx_word' id='word_1_142' title='bbox 1020 2142 1150 2210; x_wconf 86' lang='grc' dir='ltr'><strong><em>ῦπείκει</em></strong></span> <span class='ocrx_word' id='word_1_143' title='bbox 1173 2155 1245 2218; x_wconf 76' lang='grc' dir='ltr'><strong><em>τοῖς</em></strong></span> 
     </span>
     <span class='ocr_line' id='line_1_19' title="bbox 175 2246 1245 2336; baseline -0.002 -22"><span class='ocrx_word' id='word_1_144' title='bbox 175 2248 352 2316; x_wconf 82' lang='grc' dir='ltr'><strong><em>ἐλαύνουσι</em></strong></span> <span class='ocrx_word' id='word_1_145' title='bbox 382 2252 438 2315; x_wconf 90' lang='grc' dir='ltr'><strong><em>καὶ</em></strong></span> <span class='ocrx_word' id='word_1_146' title='bbox 467 2251 684 2329; x_wconf 86' lang='grc' dir='ltr'><strong><em>πλάττουσιν,</em></strong></span> <span class='ocrx_word' id='word_1_147' title='bbox 718 2250 872 2336; x_wconf 77' lang='grc' dir='ltr'><strong><em>ἐμπεσών</em></strong></span> <span class='ocrx_word' id='word_1_148' title='bbox 895 2246 933 2315; x_wconf 83' lang='grc' dir='ltr'><strong><em>διὶ</em></strong></span> <span class='ocrx_word' id='word_1_149' title='bbox 960 2249 1065 2316; x_wconf 92' lang='grc' dir='ltr'><strong><em>πάλιν</em></strong></span> <span class='ocrx_word' id='word_1_150' title='bbox 1087 2250 1135 2325; x_wconf 83' lang='grc' dir='ltr'><strong><em>είς</em></strong></span> <span class='ocrx_word' id='word_1_151' title='bbox 1156 2246 1245 2331; x_wconf 91' lang='grc' dir='ltr'><strong><em>ῦδωρ</em></strong></span> 
     </span>
    </p>
   </div>
   <div class='ocr_carea' id='block_1_3' title="bbox 134 2351 1246 2545">
    <p class='ocr_par' dir='ltr' id='par_1_3' title="bbox 134 2351 1246 2545">
     <span class='ocr_line' id='line_1_20' title="bbox 177 2351 1246 2446; baseline -0.001 -28"><span class='ocrx_word' id='word_1_152' title='bbox 177 2353 358 2440; x_wconf 80' lang='grc' dir='ltr'><strong><em>οὶκραιφνές</em></strong></span> <span class='ocrx_word' id='word_1_153' title='bbox 394 2356 451 2421; x_wconf 90' lang='grc' dir='ltr'><strong><em>καὶ</em></strong></span> <span class='ocrx_word' id='word_1_154' title='bbox 481 2359 520 2446; x_wconf 81' lang='grc' dir='ltr'><strong><em>τῇ</em></strong></span> <span class='ocrx_word' id='word_1_155' title='bbox 551 2354 733 2441; x_wconf 79' lang='grc' dir='ltr'><strong><em>ψυχρότητι</em></strong></span> <span class='ocrx_word' id='word_1_156' title='bbox 765 2356 825 2420; x_wconf 87' lang='grc' dir='ltr'><strong><em>διὰ</em></strong></span> <span class='ocrx_word' id='word_1_157' title='bbox 856 2354 915 2441; x_wconf 83' lang='grc' dir='ltr'><strong><em>την</em></strong></span> <span class='ocrx_word' id='word_1_158' title='bbox 946 2351 1015 2420; x_wconf 84' lang='grc' dir='ltr'><strong><em>ῦπό</em></strong></span> <span class='ocrx_word' id='word_1_159' title='bbox 1049 2355 1107 2419; x_wconf 94' lang='grc' dir='ltr'><strong><em>τοῦ</em></strong></span> <span class='ocrx_word' id='word_1_160' title='bbox 1141 2352 1246 2436; x_wconf 85' lang='grc' dir='ltr'><strong><em>πυρὸς</em></strong></span> 
     </span>
     <span class='ocr_line' id='line_1_21' title="bbox 134 2456 1246 2545; baseline -0.002 -23"><span class='ocrx_word' id='word_1_161' title='bbox 134 2475 162 2514; x_wconf 82' lang='lat'><strong><em>2⁰</em></strong></span> <span class='ocrx_word' id='word_1_162' title='bbox 177 2459 392 2544; x_wconf 77' lang='grc' dir='ltr'><strong><em>ἐγγενομένην</em></strong></span> <span class='ocrx_word' id='word_1_163' title='bbox 415 2456 609 2545; x_wconf 81' lang='grc' dir='ltr'><strong><em>ἁπαλότητα</em></strong></span> <span class='ocrx_word' id='word_1_164' title='bbox 630 2459 686 2523; x_wconf 91' lang='grc' dir='ltr'><strong><em>καὶ</em></strong></span> <span class='ocrx_word' id='word_1_165' title='bbox 709 2457 877 2544; x_wconf 83' lang='grc' dir='ltr'><strong><em>μανότητα</em></strong></span> <span class='ocrx_word' id='word_1_166' title='bbox 899 2459 1061 2544; x_wconf 73' lang='grc' dir='ltr'><strong><em>πιληθεὶς</em></strong></span> <span class='ocrx_word' id='word_1_167' title='bbox 1076 2457 1131 2521; x_wconf 89' lang='grc' dir='ltr'><strong><em>καὶ</em></strong></span> <span class='ocrx_word' id='word_1_168' title='bbox 1147 2481 1246 2521; x_wconf 89' lang='grc' dir='ltr'><strong><em>κατα·</em></strong></span> 
     </span>
    </p>
   </div>
   <div class='ocr_carea' id='block_1_4' title="bbox 176 2701 1249 4219">
    <p class='ocr_par' dir='ltr' id='par_1_4' title="bbox 176 2701 1249 4219">
     <span class='ocr_line' id='line_1_22' title="bbox 268 2701 1246 2773; baseline -0.002 -14"><span class='ocrx_word' id='word_1_169' title='bbox 268 2710 280 2759; x_wconf 92' lang='grc'><strong>1</strong></span> <span class='ocrx_word' id='word_1_170' title='bbox 304 2707 391 2763; x_wconf 83' lang='grc' dir='ltr'><strong><em>αέτίας</em></strong></span> <span class='ocrx_word' id='word_1_171' title='bbox 412 2704 464 2773; x_wconf 79' lang='grc' dir='ltr'><strong><em>μὲν</em></strong></span> <span class='ocrx_word' id='word_1_172' title='bbox 487 2703 549 2773; x_wconf 75' lang='grc' dir='ltr'><strong><em>ἔσχε</em></strong></span> <span class='ocrx_word' id='word_1_173' title='bbox 571 2701 619 2763; x_wconf 81' lang='grc' dir='ltr'><strong><em>τάς</em></strong></span> <span class='ocrx_word' id='word_1_174' title='bbox 635 2702 737 2770; x_wconf 79' lang='grc' dir='ltr'><strong><em>ὑλικὰς]</em></strong></span> <span class='ocrx_word' id='word_1_175' title='bbox 756 2707 794 2757; x_wconf 80' lang='lat' dir='ltr'><strong><em>ita</em></strong></span> <span class='ocrx_word' id='word_1_176' title='bbox 812 2722 879 2758; x_wconf 86' lang='lat' dir='ltr'><strong>corr.</strong></span> <span class='ocrx_word' id='word_1_177' title='bbox 892 2706 1005 2769; x_wconf 73' lang='lat' dir='ltr'><strong>Madvig.</strong></span> <span class='ocrx_word' id='word_1_178' title='bbox 1040 2706 1108 2757; x_wconf 76' lang='lat' dir='ltr'><strong>Mira</strong></span> <span class='ocrx_word' id='word_1_179' title='bbox 1126 2707 1152 2757; x_wconf 84' lang='lat' dir='ltr'><strong><em>in</em></strong></span> <span class='ocrx_word' id='word_1_180' title='bbox 1171 2706 1246 2757; x_wconf 80' lang='lat' dir='ltr'><strong>libris</strong></span> 
     </span>
     <span class='ocr_line' id='line_1_23' title="bbox 177 2770 1246 2844; baseline -0.004 -16"><span class='ocrx_word' id='word_1_181' title='bbox 177 2776 303 2840; x_wconf 74' lang='lat' dir='ltr'><strong>varietas,</strong></span> <span class='ocrx_word' id='word_1_182' title='bbox 330 2777 379 2826; x_wconf 85' lang='grc' dir='ltr'><strong><em>αλτ.</em></strong></span> <span class='ocrx_word' id='word_1_183' title='bbox 399 2772 451 2844; x_wconf 80' lang='grc' dir='ltr'><strong><em>μὲν</em></strong></span> <span class='ocrx_word' id='word_1_184' title='bbox 473 2774 583 2843; x_wconf 80' lang='grc' dir='ltr'><strong><em>ἔχοντας</em></strong></span> <span class='ocrx_word' id='word_1_185' title='bbox 605 2770 698 2832; x_wconf 84' lang='grc' dir='ltr'><strong><em>ὑλικὰς</em></strong></span> <span class='ocrx_word' id='word_1_186' title='bbox 716 2774 848 2827; x_wconf 75' lang='lat' dir='ltr'><strong>v1dmbr.</strong></span> <span class='ocrx_word' id='word_1_187' title='bbox 863 2775 935 2826; x_wconf 71' lang='lat' dir='ltr'><strong>Baris.</strong></span> <span class='ocrx_word' id='word_1_188' title='bbox 955 2772 1015 2844; x_wconf 80' lang='grc' dir='ltr'><strong><em>(μὲν</em></strong></span> <span class='ocrx_word' id='word_1_189' title='bbox 1038 2776 1063 2825; x_wconf 86' lang='lat' dir='ltr'><strong><em>in</em></strong></span> <span class='ocrx_word' id='word_1_190' title='bbox 1086 2775 1169 2825; x_wconf 86' lang='lat' dir='ltr'><strong>locum</strong></span> <span class='ocrx_word' id='word_1_191' title='bbox 1189 2782 1246 2842; x_wconf 86' lang='lat' dir='ltr'><strong>post</strong></span> 
     </span>
     <span class='ocr_line' id='line_1_24' title="bbox 176 2839 1247 2912; baseline 0.001 -19"><span class='ocrx_word' id='word_1_192' title='bbox 176 2845 216 2912; x_wconf 83' lang='grc' dir='ltr'><strong><em>ἐχ.</em></strong></span> <span class='ocrx_word' id='word_1_193' title='bbox 233 2845 394 2911; x_wconf 72' lang='lat' dir='ltr'><strong>transposuit</strong></span> <span class='ocrx_word' id='word_1_194' title='bbox 412 2861 462 2895; x_wconf 89' lang='lat' dir='ltr'><strong>ssc.</strong></span> <span class='ocrx_word' id='word_1_195' title='bbox 475 2845 526 2906; x_wconf 61' lang='grc' dir='ltr'><strong><em>ομ).</em></strong></span> <span class='ocrx_word' id='word_1_196' title='bbox 565 2845 617 2893; x_wconf 84' lang='grc' dir='ltr'><strong><em>αέτ.</em></strong></span> <span class='ocrx_word' id='word_1_197' title='bbox 635 2842 699 2910; x_wconf 76' lang='grc' dir='ltr'><strong><em>ἔχον</em></strong></span> <span class='ocrx_word' id='word_1_198' title='bbox 720 2841 769 2900; x_wconf 86' lang='grc' dir='ltr'><strong><em>τάς</em></strong></span> <span class='ocrx_word' id='word_1_199' title='bbox 789 2841 842 2911; x_wconf 78' lang='grc' dir='ltr'><strong><em>μὲν</em></strong></span> <span class='ocrx_word' id='word_1_200' title='bbox 858 2839 949 2900; x_wconf 82' lang='grc' dir='ltr'><strong><em>ῦλικάς</em></strong></span> <span class='ocrx_word' id='word_1_201' title='bbox 968 2845 1078 2907; x_wconf 74' lang='lat' dir='ltr'><strong>mdrg.B</strong></span> <span class='ocrx_word' id='word_1_202' title='bbox 1096 2846 1120 2906; x_wconf 81' lang='lat' dir='ltr'><strong><em>(a</em></strong></span> <span class='ocrx_word' id='word_1_203' title='bbox 1138 2859 1177 2909; x_wconf 87' lang='lat' dir='ltr'><strong><em>pr.</em></strong></span> <span class='ocrx_word' id='word_1_204' title='bbox 1195 2851 1247 2901; x_wconf 65' lang='lat' dir='ltr'><strong><em>nr).</em></strong></span> 
     </span>
     <span class='ocr_line' id='line_1_25' title="bbox 179 2908 1248 2980; baseline 0 -17"><span class='ocrx_word' id='word_1_205' title='bbox 179 2916 229 2963; x_wconf 83' lang='grc' dir='ltr'><strong><em>αέτ.</em></strong></span> <span class='ocrx_word' id='word_1_206' title='bbox 253 2911 305 2979; x_wconf 80' lang='grc' dir='ltr'><strong><em>μὲν</em></strong></span> <span class='ocrx_word' id='word_1_207' title='bbox 329 2910 440 2980; x_wconf 77' lang='grc' dir='ltr'><strong><em>ἔχοντος</em></strong></span> <span class='ocrx_word' id='word_1_208' title='bbox 462 2908 556 2969; x_wconf 83' lang='grc' dir='ltr'><strong><em>ὑλικὰς</em></strong></span> <span class='ocrx_word' id='word_1_209' title='bbox 574 2910 739 2964; x_wconf 72' lang='lat' dir='ltr'><strong>v³ssAPcc</strong></span> <span class='ocrx_word' id='word_1_210' title='bbox 776 2913 867 2970; x_wconf 77' lang='grc' dir='ltr'><strong><em>αἰτίας</em></strong></span> <span class='ocrx_word' id='word_1_211' title='bbox 888 2913 992 2975; x_wconf 83' lang='grc' dir='ltr'><strong><em>(αἰτίαν</em></strong></span> <span class='ocrx_word' id='word_1_212' title='bbox 1009 2913 1041 2978; x_wconf 84' lang='grc' dir='ltr'><strong><em>Ε)</em></strong></span> <span class='ocrx_word' id='word_1_213' title='bbox 1063 2909 1116 2979; x_wconf 83' lang='grc' dir='ltr'><strong><em>μὶν</em></strong></span> <span class='ocrx_word' id='word_1_214' title='bbox 1137 2912 1248 2979; x_wconf 79' lang='grc' dir='ltr'><strong><em>ἔχοντος</em></strong></span> 
     </span>
     <span class='ocr_line' id='line_1_26' title="bbox 177 2973 1247 3047; baseline -0.001 -14"><span class='ocrx_word' id='word_1_215' title='bbox 177 2977 272 3046; x_wconf 80' lang='grc' dir='ltr'><strong><em>ὑλικὴν</em></strong></span> <span class='ocrx_word' id='word_1_216' title='bbox 290 2981 416 3033; x_wconf 73' lang='lat' dir='ltr'><strong>Fsvat.</strong></span> <span class='ocrx_word' id='word_1_217' title='bbox 487 2979 557 3032; x_wconf 74' lang='grc' dir='ltr'><strong><em>λδί</em></strong></span> <span class='ocrx_word' id='word_1_218' title='bbox 576 2979 736 3032; x_wconf 76' lang='lat' dir='ltr'><strong>addidcisks</strong></span> <span class='ocrx_word' id='word_1_219' title='bbox 805 2983 822 3032; x_wconf 82' lang='lat'>4</span> <span class='ocrx_word' id='word_1_220' title='bbox 845 2973 942 3047; x_wconf 79' lang='grc' dir='ltr'><strong><em>ταύτην</em></strong></span> <span class='ocrx_word' id='word_1_221' title='bbox 960 2981 1046 3032; x_wconf 78' lang='lat' dir='ltr'><strong>Ambr.</strong></span> <span class='ocrx_word' id='word_1_222' title='bbox 1076 2977 1085 3046; x_wconf 85' lang='grc' dir='ltr'><strong><em>ΙΙ</em></strong></span> <span class='ocrx_word' id='word_1_223' title='bbox 1114 2981 1247 3032; x_wconf 86' lang='grc' dir='ltr'><strong><em>κινοῦσαν</em></strong></span> 
     </span>
     <span class='ocr_line' id='line_1_27' title="bbox 178 3047 1247 3120; baseline -0.001 -19"><span class='ocrx_word' id='word_1_224' title='bbox 178 3080 211 3088; x_wconf 91' lang='grc'>-</span> <span class='ocrx_word' id='word_1_225' title='bbox 230 3049 405 3117; x_wconf 82' lang='grc' dir='ltr'><strong><em>ἐνεργοῦσαν]</em></strong></span> <span class='ocrx_word' id='word_1_226' title='bbox 423 3067 458 3104; x_wconf 89' lang='grc' dir='ltr'><strong><em>αν</em></strong></span> <span class='ocrx_word' id='word_1_227' title='bbox 476 3051 515 3101; x_wconf 86' lang='lat' dir='ltr'><strong><em>bis</em></strong></span> <span class='ocrx_word' id='word_1_228' title='bbox 534 3050 639 3116; x_wconf 78' lang='lat' dir='ltr'><strong>scripsit</strong></span> <span class='ocrx_word' id='word_1_229' title='bbox 658 3050 683 3100; x_wconf 89' lang='lat' dir='ltr'><strong><em>in</em></strong></span> <span class='ocrx_word' id='word_1_230' title='bbox 702 3066 753 3101; x_wconf 75' lang='lat' dir='ltr'><strong>ras.</strong></span> <span class='ocrx_word' id='word_1_231' title='bbox 766 3049 802 3102; x_wconf 80' lang='lat' dir='ltr'><strong><em>V³</em></strong></span> <span class='ocrx_word' id='word_1_232' title='bbox 870 3053 885 3100; x_wconf 85' lang='lat'><strong>5</strong></span> <span class='ocrx_word' id='word_1_233' title='bbox 907 3049 971 3120; x_wconf 87' lang='grc' dir='ltr'><strong><em>ἐρίω</em></strong></span> <span class='ocrx_word' id='word_1_234' title='bbox 989 3049 1043 3112; x_wconf 78' lang='lat' dir='ltr'>[V1]</span> <span class='ocrx_word' id='word_1_235' title='bbox 1061 3049 1159 3099; x_wconf 58' lang='lat' dir='ltr'><strong>Barba·</strong></span> <span class='ocrx_word' id='word_1_236' title='bbox 1177 3047 1247 3117; x_wconf 78' lang='grc' dir='ltr'><strong><em>ἔργω</em></strong></span> 
     </span>
     <span class='ocr_line' id='line_1_28' title="bbox 178 3111 1246 3186; baseline -0.003 -15"><span class='ocrx_word' id='word_1_237' title='bbox 178 3119 236 3171; x_wconf 80' lang='grc' dir='ltr'><strong><em>τελλ.</em></strong></span> <span class='ocrx_word' id='word_1_238' title='bbox 270 3122 338 3186; x_wconf 81' lang='grc' dir='ltr'><strong><em>Χίῳ,</em></strong></span> <span class='ocrx_word' id='word_1_239' title='bbox 356 3125 385 3169; x_wconf 90' lang='lat' dir='ltr'><strong><em>ut</em></strong></span> <span class='ocrx_word' id='word_1_240' title='bbox 402 3120 514 3183; x_wconf 82' lang='lat' dir='ltr'><strong>videtur,</strong></span> <span class='ocrx_word' id='word_1_241' title='bbox 532 3119 692 3170; x_wconf 79' lang='lat' dir='ltr'><strong>scribendum</strong></span> <span class='ocrx_word' id='word_1_242' title='bbox 711 3127 751 3170; x_wconf 85' lang='lat' dir='ltr'><strong><em>cst</em></strong></span> <span class='ocrx_word' id='word_1_243' title='bbox 801 3118 817 3168; x_wconf 89' lang='grc'><strong>6</strong></span> <span class='ocrx_word' id='word_1_244' title='bbox 835 3111 935 3171; x_wconf 88' lang='grc' dir='ltr'><strong><em>τοῦτων</em></strong></span> <span class='ocrx_word' id='word_1_245' title='bbox 952 3119 1008 3170; x_wconf 77' lang='grc' dir='ltr'><strong><em>αδδ.</em></strong></span> <span class='ocrx_word' id='word_1_246' title='bbox 1020 3119 1046 3169; x_wconf 90' lang='lat' dir='ltr'><strong><em>in</em></strong></span> <span class='ocrx_word' id='word_1_247' title='bbox 1058 3132 1137 3180; x_wconf 76' lang='lat' dir='ltr'><strong>marg.</strong></span> <span class='ocrx_word' id='word_1_248' title='bbox 1150 3133 1201 3168; x_wconf 83' lang='lat' dir='ltr'><strong>sec.</strong></span> <span class='ocrx_word' id='word_1_249' title='bbox 1214 3134 1246 3168; x_wconf 88' lang='lat' dir='ltr'><strong><em>m.</em></strong></span> 
     </span>
     <span class='ocr_line' id='line_1_29' title="bbox 179 3182 1247 3260; baseline -0.002 -21"><span class='ocrx_word' id='word_1_250' title='bbox 179 3191 254 3260; x_wconf 50' lang='lat' dir='ltr'><strong>Bari:</strong></span> <span class='ocrx_word' id='word_1_251' title='bbox 291 3186 300 3255; x_wconf 71' lang='lat' dir='ltr'><strong><em>il</em></strong></span> <span class='ocrx_word' id='word_1_252' title='bbox 340 3182 355 3238; x_wconf 82' lang='grc' dir='ltr'><em>ὃ</em></span> <span class='ocrx_word' id='word_1_253' title='bbox 381 3184 494 3254; x_wconf 82' lang='grc' dir='ltr'><strong><em>ποιητὴς</em></strong></span> <span class='ocrx_word' id='word_1_254' title='bbox 520 3194 624 3254; x_wconf 76' lang='lat' dir='ltr'><strong>practer</strong></span> <span class='ocrx_word' id='word_1_255' title='bbox 650 3187 685 3239; x_wconf 82' lang='lat' dir='ltr'><strong><em>V1</em></strong></span> <span class='ocrx_word' id='word_1_256' title='bbox 704 3188 775 3239; x_wconf 76' lang='lat' dir='ltr'><strong>Barb·</strong></span> <span class='ocrx_word' id='word_1_257' title='bbox 796 3187 882 3238; x_wconf 80' lang='lat' dir='ltr'><strong>Ambr.</strong></span> <span class='ocrx_word' id='word_1_258' title='bbox 911 3204 997 3238; x_wconf 82' lang='lat' dir='ltr'><strong>omncs</strong></span> <span class='ocrx_word' id='word_1_259' title='bbox 1036 3184 1045 3253; x_wconf 69' lang='lat' dir='ltr'><strong><em>i}</em></strong></span> <span class='ocrx_word' id='word_1_260' title='bbox 1083 3201 1123 3242; x_wconf 86' lang='grc' dir='ltr'><strong><em>τις</em></strong></span> <span class='ocrx_word' id='word_1_261' title='bbox 1149 3186 1247 3238; x_wconf 81' lang='lat' dir='ltr'><strong>inserui</strong></span> 
     </span>
     <span class='ocr_line' id='line_1_30' title="bbox 179 3252 1248 3324; baseline 0 -16"><span class='ocrx_word' id='word_1_262' title='bbox 179 3258 194 3308; x_wconf 87' lang='lat'>8</span> <span class='ocrx_word' id='word_1_263' title='bbox 223 3261 280 3314; x_wconf 82' lang='grc' dir='ltr'><strong><em>υἱϊς</em></strong></span> <span class='ocrx_word' id='word_1_264' title='bbox 306 3257 393 3308; x_wconf 79' lang='grc' dir='ltr'><strong><em>Αιοὶιτ.</em></strong></span> <span class='ocrx_word' id='word_1_265' title='bbox 474 3259 504 3308; x_wconf 85' lang='grc'><strong><em>10</em></strong></span> <span class='ocrx_word' id='word_1_266' title='bbox 532 3252 614 3324; x_wconf 79' lang='grc' dir='ltr'><strong><em>ὁρᾶτε</em></strong></span> <span class='ocrx_word' id='word_1_267' title='bbox 640 3272 705 3306; x_wconf 86' lang='lat' dir='ltr'><strong>unus</strong></span> <span class='ocrx_word' id='word_1_268' title='bbox 732 3257 805 3307; x_wconf 70' lang='lat' dir='ltr'><strong>Burb.</strong></span> <span class='ocrx_word' id='word_1_269' title='bbox 842 3273 898 3306; x_wconf 85' lang='grc' dir='ltr'><strong><em>-ται</em></strong></span> <span class='ocrx_word' id='word_1_270' title='bbox 926 3257 984 3308; x_wconf 88' lang='lat' dir='ltr'><strong>rsli.</strong></span> <span class='ocrx_word' id='word_1_271' title='bbox 1024 3254 1033 3323; x_wconf 68' lang='grc' dir='ltr'><strong><em>λ]</em></strong></span> <span class='ocrx_word' id='word_1_272' title='bbox 1071 3259 1248 3324; x_wconf 82' lang='grc' dir='ltr'><strong><em>φαρμακείαν</em></strong></span> 
     </span>
     <span class='ocr_line' id='line_1_31' title="bbox 179 3320 1247 3396; baseline -0.002 -19"><span class='ocrx_word' id='word_1_273' title='bbox 179 3325 495 3378; x_wconf 68' lang='lat' dir='ltr'><strong>v1ssarb.smsr.svat.</strong></span> <span class='ocrx_word' id='word_1_274' title='bbox 514 3329 597 3378; x_wconf 87' lang='grc' dir='ltr'><strong><em>-κίων</em></strong></span> <span class='ocrx_word' id='word_1_275' title='bbox 608 3325 643 3378; x_wconf 81' lang='lat' dir='ltr'><strong><em>V³</em></strong></span> <span class='ocrx_word' id='word_1_276' title='bbox 660 3323 669 3392; x_wconf 81' lang='grc' dir='ltr'><strong><em>Ι]</em></strong></span> <span class='ocrx_word' id='word_1_277' title='bbox 692 3329 801 3395; x_wconf 88' lang='grc' dir='ltr'><strong><em>σομφθ.</em></strong></span> <span class='ocrx_word' id='word_1_278' title='bbox 815 3325 861 3375; x_wconf 83' lang='grc' dir='ltr'><strong><em>καὶ</em></strong></span> <span class='ocrx_word' id='word_1_279' title='bbox 874 3340 964 3396; x_wconf 86' lang='grc' dir='ltr'><strong><em>συντρ.</em></strong></span> <span class='ocrx_word' id='word_1_280' title='bbox 974 3324 1061 3375; x_wconf 77' lang='grc' dir='ltr'><strong><em>Ατοίιτ.</em></strong></span> <span class='ocrx_word' id='word_1_281' title='bbox 1110 3324 1140 3375; x_wconf 87' lang='grc'><strong><em>13</em></strong></span> <span class='ocrx_word' id='word_1_282' title='bbox 1152 3320 1247 3389; x_wconf 83' lang='grc' dir='ltr'><strong><em>παθή-</em></strong></span> 
     </span>
     <span class='ocr_line' id='line_1_32' title="bbox 177 3384 1247 3464; baseline -0.002 -19"><span class='ocrx_word' id='word_1_283' title='bbox 177 3397 259 3464; x_wconf 88' lang='grc' dir='ltr'><strong><em>ματα]</em></strong></span> <span class='ocrx_word' id='word_1_284' title='bbox 276 3384 476 3458; x_wconf 76' lang='grc' dir='ltr'><strong><em>ἐπανθόματαλ</em></strong></span> <span class='ocrx_word' id='word_1_285' title='bbox 507 3392 516 3461; x_wconf 69' lang='lat' dir='ltr'><strong><em>il</em></strong></span> <span class='ocrx_word' id='word_1_286' title='bbox 546 3392 706 3462; x_wconf 84' lang='grc' dir='ltr'><strong><em>διαφθορὰς</em></strong></span> <span class='ocrx_word' id='word_1_287' title='bbox 724 3394 816 3459; x_wconf 80' lang='lat' dir='ltr'><strong>scripsi</strong></span> <span class='ocrx_word' id='word_1_288' title='bbox 834 3394 947 3460; x_wconf 77' lang='lat' dir='ltr'><strong>quamvis</strong></span> <span class='ocrx_word' id='word_1_289' title='bbox 966 3394 1009 3444; x_wconf 79' lang='lat' dir='ltr'><strong><em>vsi</em></strong></span> <span class='ocrx_word' id='word_1_290' title='bbox 1022 3389 1130 3463; x_wconf 79' lang='grc' dir='ltr'><strong><em>φθοράς</em></strong></span> <span class='ocrx_word' id='word_1_291' title='bbox 1146 3393 1247 3444; x_wconf 76' lang='lat' dir='ltr'><strong>mallem</strong></span> 
     </span>
     <span class='ocr_line' id='line_1_33' title="bbox 178 3458 1248 3538; baseline -0.003 -23"><span class='ocrx_word' id='word_1_292' title='bbox 178 3465 223 3515; x_wconf 82' lang='lat' dir='ltr'><strong><em>vei</em></strong></span> <span class='ocrx_word' id='word_1_293' title='bbox 242 3458 414 3534; x_wconf 83' lang='grc' dir='ltr'><strong><em>συμφθορδις.</em></strong></span> <span class='ocrx_word' id='word_1_294' title='bbox 451 3460 586 3533; x_wconf 84' lang='grc' dir='ltr'><strong><em>διαφοράς</em></strong></span> <span class='ocrx_word' id='word_1_295' title='bbox 604 3464 690 3513; x_wconf 79' lang='grc' dir='ltr'><strong><em>Αιιιὶιτ.</em></strong></span> <span class='ocrx_word' id='word_1_296' title='bbox 725 3459 854 3538; x_wconf 76' lang='grc' dir='ltr'><strong><em>διαβμλοὶς</em></strong></span> <span class='ocrx_word' id='word_1_297' title='bbox 871 3463 989 3516; x_wconf 78' lang='lat' dir='ltr'><strong>V1Barb.</strong></span> <span class='ocrx_word' id='word_1_298' title='bbox 1023 3458 1173 3530; x_wconf 81' lang='grc' dir='ltr'><strong><em>μεταβολὰς</em></strong></span> <span class='ocrx_word' id='word_1_299' title='bbox 1190 3463 1248 3513; x_wconf 81' lang='lat' dir='ltr'><strong>rell.</strong></span> 
     </span>
     <span class='ocr_line' id='line_1_34' title="bbox 182 3528 1248 3598; baseline -0.003 -15"><span class='ocrx_word' id='word_1_300' title='bbox 182 3535 211 3583; x_wconf 79' lang='lat' dir='ltr'><strong><em>li</em></strong></span> <span class='ocrx_word' id='word_1_301' title='bbox 240 3535 343 3584; x_wconf 82' lang='grc' dir='ltr'><strong><em>σίναπα</em></strong></span> <span class='ocrx_word' id='word_1_302' title='bbox 367 3531 452 3581; x_wconf 75' lang='grc' dir='ltr'><strong><em>Αιυὶιτ.</em></strong></span> <span class='ocrx_word' id='word_1_303' title='bbox 526 3533 555 3584; x_wconf 86' lang='grc'><strong><em>15</em></strong></span> <span class='ocrx_word' id='word_1_304' title='bbox 581 3528 689 3597; x_wconf 83' lang='grc' dir='ltr'><strong><em>μηλιάς]</em></strong></span> <span class='ocrx_word' id='word_1_305' title='bbox 716 3532 809 3598; x_wconf 86' lang='grc' dir='ltr'><strong><em>μιλιας</em></strong></span> <span class='ocrx_word' id='word_1_306' title='bbox 834 3531 868 3581; x_wconf 83' lang='lat' dir='ltr'><strong><em>V1</em></strong></span> <span class='ocrx_word' id='word_1_307' title='bbox 892 3533 974 3593; x_wconf 87' lang='lat' dir='ltr'><strong>(corr.</strong></span> <span class='ocrx_word' id='word_1_308' title='bbox 997 3547 1083 3582; x_wconf 75' lang='lat' dir='ltr'><strong>manus</strong></span> <span class='ocrx_word' id='word_1_309' title='bbox 1112 3531 1190 3581; x_wconf 80' lang='lat' dir='ltr'><strong>tertis</strong></span> <span class='ocrx_word' id='word_1_310' title='bbox 1216 3533 1248 3580; x_wconf 79' lang='lat' dir='ltr'><strong><em>sd</em></strong></span> 
     </span>
     <span class='ocr_line' id='line_1_35' title="bbox 180 3593 1248 3668; baseline -0.003 -16"><span class='ocrx_word' id='word_1_311' title='bbox 180 3603 320 3668; x_wconf 78' lang='lat' dir='ltr'><strong>exemplum</strong></span> <span class='ocrx_word' id='word_1_312' title='bbox 334 3616 421 3650; x_wconf 79' lang='lat' dir='ltr'><strong>manus</strong></span> <span class='ocrx_word' id='word_1_313' title='bbox 435 3616 484 3651; x_wconf 83' lang='lat' dir='ltr'><strong>sec.</strong></span> <span class='ocrx_word' id='word_1_314' title='bbox 498 3616 561 3666; x_wconf 85' lang='lat' dir='ltr'><strong>quac</strong></span> <span class='ocrx_word' id='word_1_315' title='bbox 573 3596 673 3666; x_wconf 79' lang='grc' dir='ltr'><strong><em>μηλιάς</em></strong></span> <span class='ocrx_word' id='word_1_316' title='bbox 686 3603 710 3650; x_wconf 86' lang='lat' dir='ltr'><strong><em>in</em></strong></span> <span class='ocrx_word' id='word_1_317' title='bbox 725 3615 803 3662; x_wconf 78' lang='lat' dir='ltr'><strong>marg.</strong></span> <span class='ocrx_word' id='word_1_318' title='bbox 816 3600 1001 3666; x_wconf 77' lang='lat' dir='ltr'><strong>adscripscrat)</strong></span> <span class='ocrx_word' id='word_1_319' title='bbox 1014 3600 1101 3650; x_wconf 80' lang='lat' dir='ltr'><strong>Ambr.</strong></span> <span class='ocrx_word' id='word_1_320' title='bbox 1127 3593 1248 3666; x_wconf 88' lang='grc' dir='ltr'><strong><em>μηλιάδα</em></strong></span> 
     </span>
     <span class='ocr_line' id='line_1_36' title="bbox 182 3666 1249 3734; baseline -0.002 -15"><span class='ocrx_word' id='word_1_321' title='bbox 182 3672 215 3728; x_wconf 84' lang='lat' dir='ltr'><strong><em>(in</em></strong></span> <span class='ocrx_word' id='word_1_322' title='bbox 235 3670 301 3734; x_wconf 80' lang='lat' dir='ltr'><strong>acc.)</strong></span> <span class='ocrx_word' id='word_1_323' title='bbox 319 3670 451 3732; x_wconf 79' lang='lat' dir='ltr'><strong>legendum</strong></span> <span class='ocrx_word' id='word_1_324' title='bbox 470 3678 509 3719; x_wconf 87' lang='lat' dir='ltr'><strong><em>cst</em></strong></span> <span class='ocrx_word' id='word_1_325' title='bbox 528 3670 552 3719; x_wconf 89' lang='lat' dir='ltr'><strong><em>in</em></strong></span> <span class='ocrx_word' id='word_1_326' title='bbox 568 3670 602 3718; x_wconf 83' lang='lat' dir='ltr'><strong><em>Dc</em></strong></span> <span class='ocrx_word' id='word_1_327' title='bbox 616 3670 692 3718; x_wconf 86' lang='lat' dir='ltr'><strong>Adul.</strong></span> <span class='ocrx_word' id='word_1_328' title='bbox 711 3670 805 3718; x_wconf 73' lang='lat' dir='ltr'><strong>essm.</strong></span> <span class='ocrx_word' id='word_1_329' title='bbox 819 3668 881 3734; x_wconf 61' lang='lat'><strong><em>58³,</em></strong></span> <span class='ocrx_word' id='word_1_330' title='bbox 900 3671 943 3719; x_wconf 87' lang='lat' dir='ltr'><strong><em>ubi</em></strong></span> <span class='ocrx_word' id='word_1_331' title='bbox 962 3669 1022 3719; x_wconf 86' lang='lat' dir='ltr'><strong>libri</strong></span> <span class='ocrx_word' id='word_1_332' title='bbox 1040 3666 1140 3733; x_wconf 82' lang='grc' dir='ltr'><strong><em>μηλίδα</em></strong></span> <span class='ocrx_word' id='word_1_333' title='bbox 1154 3668 1249 3718; x_wconf 81' lang='grc' dir='ltr'><strong><em>ὶτοὶιουί</em></strong></span> 
     </span>
     <span class='ocr_line' id='line_1_37' title="bbox 183 3735 1247 3808; baseline -0.003 -19"><span class='ocrx_word' id='word_1_334' title='bbox 183 3736 196 3806; x_wconf 82' lang='grc' dir='ltr'><strong><em>ΙΙ</em></strong></span> <span class='ocrx_word' id='word_1_335' title='bbox 215 3735 408 3806; x_wconf 83' lang='grc' dir='ltr'><strong><em>Πολυγνώτου]</em></strong></span> <span class='ocrx_word' id='word_1_336' title='bbox 428 3740 465 3788; x_wconf 77' lang='lat' dir='ltr'><strong><em>its</em></strong></span> <span class='ocrx_word' id='word_1_337' title='bbox 483 3741 600 3804; x_wconf 81' lang='lat' dir='ltr'><strong>(propter</strong></span> <span class='ocrx_word' id='word_1_338' title='bbox 617 3739 757 3804; x_wconf 82' lang='lat' dir='ltr'><strong>proximum</strong></span> <span class='ocrx_word' id='word_1_339' title='bbox 776 3737 811 3803; x_wconf 81' lang='grc' dir='ltr'><strong><em>τῷ</em></strong></span> <span class='ocrx_word' id='word_1_340' title='bbox 830 3741 947 3808; x_wconf 84' lang='grc' dir='ltr'><strong><em>τεχνίτη)</em></strong></span> <span class='ocrx_word' id='word_1_341' title='bbox 965 3737 1043 3788; x_wconf 71' lang='lat' dir='ltr'><strong>malui</strong></span> <span class='ocrx_word' id='word_1_342' title='bbox 1062 3754 1117 3787; x_wconf 84' lang='lat' dir='ltr'><strong><em>cum</em></strong></span> <span class='ocrx_word' id='word_1_343' title='bbox 1136 3737 1247 3787; x_wconf 82' lang='lat' dir='ltr'><strong>Leonico</strong></span> 
     </span>
     <span class='ocr_line' id='line_1_38' title="bbox 180 3795 1249 3875; baseline -0.003 -18"><span class='ocrx_word' id='word_1_344' title='bbox 180 3824 252 3872; x_wconf 75' lang='lat' dir='ltr'><strong>quam</strong></span> <span class='ocrx_word' id='word_1_345' title='bbox 271 3810 394 3874; x_wconf 85' lang='grc' dir='ltr'><strong><em>τεχνίτου</em></strong></span> <span class='ocrx_word' id='word_1_346' title='bbox 412 3823 466 3857; x_wconf 87' lang='lat' dir='ltr'><strong><em>cum</em></strong></span> <span class='ocrx_word' id='word_1_347' title='bbox 485 3806 573 3857; x_wconf 77' lang='lat' dir='ltr'><strong>rodii</strong></span> <span class='ocrx_word' id='word_1_348' title='bbox 592 3806 715 3856; x_wconf 78' lang='lat' dir='ltr'><strong>scribere.</strong></span> <span class='ocrx_word' id='word_1_349' title='bbox 752 3795 863 3875; x_wconf 80' lang='grc' dir='ltr'><strong><em>σιδήρου</em></strong></span> <span class='ocrx_word' id='word_1_350' title='bbox 881 3807 963 3857; x_wconf 80' lang='lat' dir='ltr'><strong>ceteri</strong></span> <span class='ocrx_word' id='word_1_351' title='bbox 982 3821 1068 3856; x_wconf 84' lang='lat' dir='ltr'><strong>omncs</strong></span> <span class='ocrx_word' id='word_1_352' title='bbox 1123 3807 1153 3856; x_wconf 82' lang='grc'><strong><em>11</em></strong></span> <span class='ocrx_word' id='word_1_353' title='bbox 1176 3802 1249 3856; x_wconf 88' lang='grc' dir='ltr'><strong><em>ἐνδί-</em></strong></span> 
     </span>
     <span class='ocr_line' id='line_1_39' title="bbox 180 3868 1249 3937; baseline -0.002 -11"><span class='ocrx_word' id='word_1_354' title='bbox 180 3874 249 3926; x_wconf 86' lang='grc' dir='ltr'><strong><em>δωσι</em></strong></span> <span class='ocrx_word' id='word_1_355' title='bbox 267 3876 357 3927; x_wconf 63' lang='lat' dir='ltr'><strong>Turis:</strong></span> <span class='ocrx_word' id='word_1_356' title='bbox 381 3872 528 3925; x_wconf 70' lang='grc' dir='ltr'><strong><em>ἐπιδίδωσι</em></strong></span> <span class='ocrx_word' id='word_1_357' title='bbox 599 3875 630 3926; x_wconf 84' lang='grc'><strong><em>18</em></strong></span> <span class='ocrx_word' id='word_1_358' title='bbox 647 3869 813 3925; x_wconf 82' lang='grc' dir='ltr'><strong><em>πλάττουσιν</em></strong></span> <span class='ocrx_word' id='word_1_359' title='bbox 832 3873 1049 3927; x_wconf 74' lang='lat' dir='ltr'><strong>V¹Barb.rimbr.</strong></span> <span class='ocrx_word' id='word_1_360' title='bbox 1083 3868 1249 3937; x_wconf 82' lang='grc' dir='ltr'><strong><em>πλήττουσιν</em></strong></span> 
     </span>
     <span class='ocr_line' id='line_1_40' title="bbox 182 3937 1249 4011; baseline -0.002 -17"><span class='ocrx_word' id='word_1_361' title='bbox 182 3945 238 3995; x_wconf 82' lang='lat' dir='ltr'><strong>rell.</strong></span> <span class='ocrx_word' id='word_1_362' title='bbox 295 3945 326 3996; x_wconf 90' lang='grc'><strong><em>19</em></strong></span> <span class='ocrx_word' id='word_1_363' title='bbox 344 3937 503 4011; x_wconf 78' lang='grc' dir='ltr'><strong><em>ἀκραιφνὲς]</em></strong></span> <span class='ocrx_word' id='word_1_364' title='bbox 522 3962 537 4010; x_wconf 92' lang='grc' dir='ltr'><strong><em>ρ</em></strong></span> <span class='ocrx_word' id='word_1_365' title='bbox 557 3944 581 3993; x_wconf 88' lang='lat' dir='ltr'><strong><em>in</em></strong></span> <span class='ocrx_word' id='word_1_366' title='bbox 601 3958 654 3994; x_wconf 72' lang='lat' dir='ltr'><strong>ras.</strong></span> <span class='ocrx_word' id='word_1_367' title='bbox 672 3944 785 4009; x_wconf 81' lang='lat' dir='ltr'><strong>scripsit,</strong></span> <span class='ocrx_word' id='word_1_368' title='bbox 803 3958 819 3995; x_wconf 91' lang='grc' dir='ltr'><strong><em>ν</em></strong></span> <span class='ocrx_word' id='word_1_369' title='bbox 836 3944 934 3994; x_wconf 80' lang='lat' dir='ltr'><strong>addidit</strong></span> <span class='ocrx_word' id='word_1_370' title='bbox 946 3944 987 3997; x_wconf 79' lang='lat' dir='ltr'><strong><em>V³.</em></strong></span> <span class='ocrx_word' id='word_1_371' title='bbox 1017 3942 1119 3995; x_wconf 75' lang='lat' dir='ltr'><strong>Utinam</strong></span> <span class='ocrx_word' id='word_1_372' title='bbox 1134 3958 1249 4007; x_wconf 71' lang='lat' dir='ltr'><strong>perman·</strong></span> 
     </span>
     <span class='ocr_line' id='line_1_41' title="bbox 181 4007 1248 4080; baseline -0.002 -18"><span class='ocrx_word' id='word_1_373' title='bbox 181 4014 277 4065; x_wconf 80' lang='lat' dir='ltr'><strong>sissent</strong></span> <span class='ocrx_word' id='word_1_374' title='bbox 295 4013 407 4076; x_wconf 77' lang='lat' dir='ltr'><strong>vestigia</strong></span> <span class='ocrx_word' id='word_1_375' title='bbox 426 4014 519 4063; x_wconf 76' lang='lat' dir='ltr'><strong>literae</strong></span> <span class='ocrx_word' id='word_1_376' title='bbox 538 4027 636 4077; x_wconf 78' lang='lat' dir='ltr'><strong>erasse,</strong></span> <span class='ocrx_word' id='word_1_377' title='bbox 664 4027 719 4061; x_wconf 83' lang='lat' dir='ltr'><strong><em>ncm</em></strong></span> <span class='ocrx_word' id='word_1_378' title='bbox 738 4008 885 4080; x_wconf 82' lang='grc' dir='ltr'><strong><em>ἀκραιφνὲς</em></strong></span> <span class='ocrx_word' id='word_1_379' title='bbox 902 4013 985 4062; x_wconf 84' lang='lat' dir='ltr'><strong>locum</strong></span> <span class='ocrx_word' id='word_1_380' title='bbox 1002 4013 1045 4062; x_wconf 91' lang='lat' dir='ltr'><strong><em>hic</em></strong></span> <span class='ocrx_word' id='word_1_381' title='bbox 1064 4028 1112 4061; x_wconf 86' lang='lat' dir='ltr'><strong><em>non</em></strong></span> <span class='ocrx_word' id='word_1_382' title='bbox 1131 4012 1207 4061; x_wconf 76' lang='lat' dir='ltr'>habet</span> <span class='ocrx_word' id='word_1_383' title='bbox 1235 4007 1248 4078; x_wconf 82' lang='grc' dir='ltr'><strong><em>ΙΙ</em></strong></span> 
     </span>
     <span class='ocr_line' id='line_1_42' title="bbox 180 4076 1248 4146; baseline 0 -16"><span class='ocrx_word' id='word_1_384' title='bbox 180 4079 229 4144; x_wconf 81' lang='grc' dir='ltr'><strong><em>τὴν</em></strong></span> <span class='ocrx_word' id='word_1_385' title='bbox 251 4077 306 4132; x_wconf 84' lang='grc' dir='ltr'><strong><em>ὑπὸ</em></strong></span> <span class='ocrx_word' id='word_1_386' title='bbox 330 4082 377 4131; x_wconf 82' lang='grc' dir='ltr'><strong><em>τοῦ</em></strong></span> <span class='ocrx_word' id='word_1_387' title='bbox 400 4097 430 4133; x_wconf 89' lang='grc' dir='ltr'><strong><em>π.</em></strong></span> <span class='ocrx_word' id='word_1_388' title='bbox 443 4082 464 4133; x_wconf 91' lang='lat' dir='ltr'>V</span> <span class='ocrx_word' id='word_1_389' title='bbox 478 4081 551 4131; x_wconf 85' lang='lat' dir='ltr'><strong>Barb.</strong></span> <span class='ocrx_word' id='word_1_390' title='bbox 565 4081 651 4130; x_wconf 78' lang='lat' dir='ltr'><strong>Ambr.</strong></span> <span class='ocrx_word' id='word_1_391' title='bbox 666 4082 690 4130; x_wconf 87' lang='lat' dir='ltr'><strong><em>B.</em></strong></span> <span class='ocrx_word' id='word_1_392' title='bbox 725 4076 775 4144; x_wconf 86' lang='grc' dir='ltr'><strong><em>τὴν</em></strong></span> <span class='ocrx_word' id='word_1_393' title='bbox 792 4080 840 4130; x_wconf 87' lang='grc' dir='ltr'><strong><em>τοῦ</em></strong></span> <span class='ocrx_word' id='word_1_394' title='bbox 856 4097 886 4132; x_wconf 88' lang='grc' dir='ltr'><strong><em>π.</em></strong></span> <span class='ocrx_word' id='word_1_395' title='bbox 902 4081 954 4132; x_wconf 75' lang='lat' dir='ltr'><strong>ret.</strong></span> <span class='ocrx_word' id='word_1_396' title='bbox 989 4078 1039 4146; x_wconf 79' lang='grc' dir='ltr'><strong><em>τὴν</em></strong></span> <span class='ocrx_word' id='word_1_397' title='bbox 1060 4076 1118 4131; x_wconf 86' lang='grc' dir='ltr'><strong><em>όπό</em></strong></span> <span class='ocrx_word' id='word_1_398' title='bbox 1140 4097 1169 4132; x_wconf 90' lang='grc' dir='ltr'><strong><em>π.</em></strong></span> <span class='ocrx_word' id='word_1_399' title='bbox 1190 4080 1248 4130; x_wconf 81' lang='lat' dir='ltr'><strong>reli.</strong></span> 
     </span>
     <span class='ocr_line' id='line_1_43' title="bbox 182 4149 768 4219; baseline 0.002 -20"><span class='ocrx_word' id='word_1_400' title='bbox 182 4149 214 4201; x_wconf 80' lang='lat'><strong><em>20</em></strong></span> <span class='ocrx_word' id='word_1_401' title='bbox 232 4150 278 4202; x_wconf 86' lang='grc' dir='ltr'><strong><em>καὶ</em></strong></span> <span class='ocrx_word' id='word_1_402' title='bbox 295 4166 361 4219; x_wconf 91' lang='grc' dir='ltr'><strong><em>μαν.</em></strong></span> <span class='ocrx_word' id='word_1_403' title='bbox 374 4151 429 4200; x_wconf 81' lang='grc' dir='ltr'><strong><em>τόδ.</em></strong></span> <span class='ocrx_word' id='word_1_404' title='bbox 443 4167 493 4202; x_wconf 82' lang='lat' dir='ltr'><strong>sec.</strong></span> <span class='ocrx_word' id='word_1_405' title='bbox 506 4165 538 4201; x_wconf 87' lang='lat' dir='ltr'><strong><em>m.</em></strong></span> <span class='ocrx_word' id='word_1_406' title='bbox 553 4150 624 4201; x_wconf 82' lang='lat' dir='ltr'><strong>iisrb.</strong></span> <span class='ocrx_word' id='word_1_407' title='bbox 645 4149 672 4200; x_wconf 84' lang='lat' dir='ltr'><strong><em>in</em></strong></span> <span class='ocrx_word' id='word_1_408' title='bbox 689 4165 768 4214; x_wconf 71' lang='grc' dir='ltr'><strong><em>πυτς.</em></strong></span> 
     </span>
    </p>
   </div>
   <div class='ocr_carea' id='block_1_5' title="bbox 0 0 1438 4724">
    <p class='ocr_par' dir='ltr' id='par_1_5' title="bbox 0 0 1438 4724">
     <span class='ocr_line' id='line_1_44' title="bbox 0 0 1438 4724; baseline 0 0"><span class='ocrx_word' id='word_1_409' title='bbox 0 0 1438 4724; x_wconf 95' lang='lat' dir='ltr'><strong><em> </em></strong></span> 
     </span>
    </p>
   </div>
  </div>
 </body>
</html>
