2842 4724
211 300 275 364 112
624 294 866 348 DE‘DEFEO'PU
1213 310 1288 363 μοι

209 471 367 559 ἀόριστον
399 471 435 547 ἐξ
467 468 580 550 αὑτοῦ,
614 471 764 537 δεκτικὸν
786 470 825 536 δὲ
847 471 1046 556 φανταστῶν
1069 469 1202 536 πάθεσι
1228 470 1286 534 καὶ

210 572 483 660 προαισθήσεσιν
513 571 777 653 ἀσυλλογίστοις,
812 569 952 638 ἅπτεται
976 571 1092 659 <τότε>
1116 576 1176 639 τοῶ
1205 573 1288 658 μέλ-

209 677 335 756 λοντος,
360 674 439 743 ὅταν
463 678 560 765 ἐκστῇ
582 674 728 763 μάλιστα
750 677 809 743 τοῦ
831 676 1006 760 παρόντος.
1050 676 1225 751 ἐξίσταται
1250 676 1288 742 δὲ

210 779 325 867 κράσει
360 781 416 846 καὶ
449 781 610 846 διαθέσει
642 781 700 846 τού
728 779 892 865 σῶματος,
925 772 1150 872 ἔνμεταβολή
1171 802 1289 861 γιγνο-

210 888 335 970 μένων,
367 882 406 970 ήν
437 885 688 969 ἐνθουσιασμὸν
720 884 894 967 καλοῦμεν.
948 880 1027 948 αάτδ
1061 883 1122 967 μὲν
1157 882 1220 949 οὖν
1253 882 1317 958 irs

211 987 313 1056 αὑτοῦ
342 988 380 1053 τδ
403 990 499 1071 σῶμα
520 986 677 1073 τοιαύτην
701 984 739 1054 οὐ
761 986 923 1063 πολλάκις
944 989 1033 1069 ἴσχει
1055 985 1235 1052 διάθεσιν·
1267 980 1289 1071 ή

212 1093 249 1157 δὲ
271 1093 312 1177 γή
335 1091 468 1157 πολλῶν
482 1091 544 1176 μὲν
559 1090 668 1156 ἄλλων
684 1089 857 1175 δυνάμεων
873 1091 982 1175 πηγάς
997 1088 1133 1175 ἀνίησιν
1149 1087 1289 1175 ἀνθρῶ-

213 1219 304 1272 ποις,
327 1196 384 1271 τὰς
406 1195 468 1276 μὲν
490 1195 682 1270 ἐκστατικὰς
704 1194 759 1258 καὶ
775 1190 936 1270 νοσώδεις
952 1193 1009 1258 καὶ
1025 1191 1290 1280 θανατηφόρους

213 1299 272 1374 τὰς
295 1298 333 1362 δὲ
354 1297 496 1383 χρηστάς
518 1298 574 1361 καὶ
598 1308 779 1383 προσηνεῖς
800 1297 857 1361 καὶ
881 1295 1086 1384 ῶφελίμους,
1115 1294 1159 1373 ῶς
1186 1298 1288 1383 δήλαι

214 1406 379 1485 γίγνονται
409 1405 511 1483 πείρᾳ
535 1400 834 1486 προστυγχάνουσι.
878 1401 915 1467 τό
938 1401 977 1466 δὲ
998 1401 1160 1486 μαντικὸν
1182 1401 1288 1488 ῥεῦμα
1302 1423 1329 1462 ιο

173 1505 273 1570 Εκαὶ
307 1504 438 1588 πνεῦμα
470 1499 649 1570 θειότατόν
679 1505 749 1569 ἐστι
780 1505 835 1569 καὶ
858 1503 1157 1590 θαυμασιῶτατον,
1192 1503 1233 1569 ἀν
1252 1529 1290 1569 τε

217 1610 295 1672 καθ’
324 1607 421 1673 ἑαυτὸ
450 1608 494 1673 δι’
523 1605 619 1694 ἀέρος
646 1607 687 1674 άν
713 1633 748 1672 τε
770 1610 847 1692 μεθ’
871 1605 972 1695 ύγροῶ
993 1607 1143 1694 νάματος
1165 1606 1289 1694 ἀναφέ-

218 1734 323 1797 ρηται.
362 1711 646 1796 καταμιγνύμενον
667 1711 729 1795 γάρ
757 1714 805 1788 τίς
831 1712 867 1777 τδ
891 1714 988 1796 σῶμα
1010 1714 1129 1798 κρᾶσιν
1151 1710 1290 1797 ἐμποιεῖ

216 1826 291 1890 ταῖς
312 1825 438 1901 ψυχαῖς
461 1812 551 1900 ἀήθη
575 1815 631 1879 καὶ
654 1813 796 1892 ἄτοπον,
824 1809 862 1901 ής
883 1815 943 1900 τήν
967 1812 1118 1900 ἰδιότητα
1141 1814 1289 1897 χαλεπόν

218 1913 327 1984 εἰπεῖν
360 1920 492 2004 σαφῶς,
528 1916 659 1982 εἰκάσαι
693 1918 731 1982 δὲ
764 1916 938 1999 πολλαχῶς
971 1915 989 1983 δ
1023 1915 1121 1999 λόγος
1155 1916 1325 1984 δίδοσαν

218 2019 400 2106 θερμότητι
426 2021 489 2106 γάρ
517 2022 573 2085 καὶ
596 2018 750 2102 διαχύσει
774 2019 898 2105 πόρους
920 2021 1011 2097 τινάς
1034 2018 1183 2101 ἀνοίγειν
1206 2044 1287 2108 φαν-

218 2124 393 2199 ταστικοὺς
415 2127 473 2189 τοῦ
495 2123 672 2206 μέλλοντος
694 2122 781 2200 εἰκός
802 2123 906 2202 ἔστιν,
930 2123 972 2201 ῶς
993 2127 1082 2200 οἶνος
1097 2121 1286 2209 ἀναθυμια-

219 2228 295 2304 θεὶς
319 2232 412 2313 ἕτερα
434 2228 544 2294 πολλὰ
566 2228 808 2314 ’ςκινήματαή
831 2227 887 2293 καὶ
910 2226 1025 2308 λόγους
1047 2225 1288 2313 ἀποκειμένους

220 2332 276 2396 καὶ
298 2330 529 2407 λανθάνοντας
551 2329 796 2398 ἀποκαλύπτει·
830 2348 1043 2402 (σεισματιοε)

784 2429 835 2495 (τὸ
858 2428 920 2510 γάρ
943 2428 1168 2514 βακχεύσιμον
1259 2510 1262 2515 ἢ
1299 2452 1321 2490 ιο

343 2534 397 2596 καί
420 2533 456 2598 τδ
479 2533 644 2615 μανιῶδες
667 2533 828 2619 μαντικήν
849 2532 977 2618 πολλήν
999 2532 1080 2614 ἔχει’

221 2656 294 2719 κατ’
324 2652 524 2739 Εὐριπίδην,
559 2652 638 2720 ὅταν
671 2654 833 2740 ἔνθερμος
866 2651 885 2740 ή
919 2654 1008 2740 ψυχή
1041 2657 1201 2740 γενομένη
1234 2653 1287 2719 καὶ

222 2755 378 2843 πυρῶδης
401 2755 576 2842 ἀπώσηται
598 2759 657 2844 τήν
680 2756 867 2838 εὐλάβειαν,
895 2754 935 2843 ἢν
956 2754 976 2844 ή
998 2758 1106 2844 θνητή
1129 2755 1288 2843 φρόνησις

222 2861 395 2941 ἐπάγουσα
431 2859 591 2937 πολλάκις
628 2860 834 2948 ἀποστρέφει
868 2862 924 2926 καὶ
957 2865 1201 2945 κατασβέννυσι
1233 2860 1288 2926 τόν

180 2962 202 3011 F
221 2964 491 3051 ἕνθουσιασμόν.’
1299 2984 1320 3023 ²⁵

310 3232 320 3277 l
342 3224 425 3278 αὐτοῦ
442 3229 493 3280 ΒΑ
517 3226 526 3295 {i
551 3227 716 3296 φαντασιῶν
727 3228 813 3280 Amhr.
833 3234 859 3278 et
877 3227 1010 3279 Lrorirus.
1039 3222 1102 3280 -τδν
1119 3228 1194 3282 Buri.
1209 3226 1288 3279 ΒΕΔ

222 3295 277 3347 Pet.
312 3293 401 3350 -τικδν
418 3297 476 3349 ναί.
511 3313 573 3347 -τικ,
592 3313 646 3347 eum
665 3298 746 3348 ΙταΕ
782 3297 944 3364 φαντασιῶν
961 3295 1028 3362 conj.
1041 3297 1174 3364 Meziriar,
1194 3295 1286 3349 Reiske

223 3362 235 3432 ΙΙ
257 3359 372 3428 πάθεσι]
390 3361 460 3416 πάθ.
479 3381 534 3416 rum
553 3366 671 3416 lreunulr
685 3366 715 3416 E.
744 3357 866 3418 πάθεσιν
877 3365 970 3416 Aldina
984 3365 1027 3430 (ex
1045 3366 1121 3417 libris
1140 3365 1287 3429 meliqribur

224 3433 287 3483 nihil
307 3440 428 3498 notatum,
450 3435 494 3485 sed
511 3447 553 3485 -σι
570 3435 622 3497 legi
640 3435 666 3485 ir
686 3435 751 3485 Coll.
766 3434 841 3500 Nov.)
911 3436 925 3483 2
944 3427 1166 3502 προαισθήσεσιν
1183 3434 1287 3501 scripsi:

222 3503 384 3553 -σειον1111τ1
408 3499 417 3568 11
442 3500 647 3570 ἀσυλλογίστοις
659 3503 836 3554 Βοιαβνοῑ.
863 3519 936 3560 -τους
953 3503 980 3554 B.
1007 3517 1069 3560 -τως
1081 3501 1168 3555 Ambr.
1187 3509 1214 3554 ot
1231 3502 1286 3554 rell.

226 3568 239 3638 ΙΙ
257 3561 317 3622 τότε
333 3571 432 3621 inserui
484 3573 499 3622 5
516 3571 696 3639 γιγνομένων,
714 3566 747 3635 ἣν
765 3570 807 3636 (εδ
826 3567 952 3624 διαθέσει
969 3571 1049 3634 radit)
1067 3571 1173 3690 εοτίηηίκ
1199 3562 1288 3640 γιγνό·

221 3655 307 3707 μενον
325 3633 358 3691 δν
376 3639 436 3689 libri
496 3636 934 3691 6οὐ1ιο1ιοιιτ11οτ1ι.11οι1ιο.εο11
994 3637 1110 3705 9δήλαι
1145 3655 1202 3691 σεο.
1216 3640 1286 3693 Vulr.

223 3705 294 3769 δῆλα
306 3707 369 3758 libri
417 3711 445 3761 11
466 3706 696 3777 θαυμασιώτατον
707 3708 780 3759 Βετο.
792 3709 879 3760 Ambr.
906 3703 1060 3759 ὁσιώτατον
1071 3708 1131 3758 rell.
1176 3707 1208 3761 12
1226 3702 1288 3760 άνα·

223 3777 337 3846 φέρηται
355 3775 537 3828 Bernardakis:
563 3773 719 3844 ἀφαιρῆται
736 3778 799 3828 libri
870 3776 900 3826 17
919 3776 967 3827 τοῦ
985 3775 1065 3827 στοβ
1094 3776 1105 3841 ΙΙ
1134 3770 1288 3846 ἀναθυμια-

222 3846 292 3906 θεὶς]
311 3839 509 3913 ἀμαθυμηθελς
521 3847 593 3896 ΒεοΙι.
604 3848 690 3896 Ambr.
718 3845 745 3896 1ο
761 3846 830 3897 Βοτίι.
851 3863 867 3896 υ
884 3845 908 3895 in
922 3860 1014 3896 rasura
1027 3861 1042 3896 ε
1054 3860 1106 3896 σου.
1119 3861 1152 3896 ιο.
1163 3846 1287 3913 scripturn

224 3920 272 3964 ert.
308 3913 403 3963 Eadem
422 3929 507 3965 marrus
526 3913 555 3965 θ’
574 3914 694 3984 ‹ri-supra
713 3919 752 3965 θυ
770 3915 885 3982 scripsit.
914 3912 940 3964 ln
959 3929 1133 3980 mirg.pr.m‚
1153 3913 1289 3981 adscripsit

222 3973 239 4042 ἢ
267 3977 392 4049 θυμηδής
417 3976 432 4045 ή
459 3981 489 4032 ἐκ
515 3982 564 4032 τοῦ
591 3985 670 4040 οἱαος
696 3978 710 4033 δ
740 3988 868 4050 σημαίνει
893 3979 942 4046 τήν
967 3979 1034 4035 ὁδὸν
1055 3983 1102 4033 καὶ
1122 3978 1154 4033 τδ
1177 3977 1194 4034 ὅ
1210 3997 1288 4053 μημα

226 4049 256 4098 18
274 4043 417 4117 κινήματα]
431 4052 474 4100 vel
485 4053 555 4103 κινεῖ
564 4048 699 4117 κινήματα
712 4053 754 4102 vel
766 4057 838 4103 κινεῖ
848 4047 957 4120 νάματα
971 4052 1130 4103 scribendum
1177 3999 1212 4103 λλ
1221 4066 1287 4120 μαν·

223 4112 302 4180 τικήν
320 4118 393 4168 Βειίι.
410 4119 494 4169 Ambr.
528 4116 707 4187 μαντευτικήν
724 4122 781 4171 rell.
846 4120 878 4171 23
897 4116 913 4184 ή
933 4121 1005 4171 droit
1022 4122 1047 4171 in
1068 4118 1255 4172 BAVttAEet
