2842 4724
98 303 169 356 μυεῖ
492 290 592 339 APUD
613 291 781 341 DELPHOS
1140 293 1158 353 9

98 461 192 529 λύειν
213 463 272 548 τήν
295 461 451 548 ἀπορίαν.
480 462 567 528 *ἐπεὶ
582 462 658 547 γάρ’
681 463 803 528 ΕΦΗΝ
820 464 876 539 ἐἷς
893 465 929 529 τὸ
947 463 1061 548 ἄρτιον
1077 488 1161 531 νενε-

98 570 248 652 μημένου
269 563 395 641 παντός
428 563 579 651 ἀριθμοῦ
612 568 668 631 καὶ
696 569 734 632 τὸ
759 567 914 649 περιττὸν
936 564 955 650 ή
978 567 1038 650 μὲν
1060 566 1164 651 μονάς

99 668 296 754 ἀμφοτέρων
318 664 491 745 ἐπίκοινός
513 669 584 735 ε’στι
607 671 646 761 τῇ
664 670 803 754 δυνάμει
821 671 891 754 (διὸ
908 672 963 734 καὶ
980 675 1163 755 προστιθε-
1183 671 1235 724 388

99 775 179 857 μένη
213 772 272 838 τὸν
300 772 361 856 μὲν
391 773 546 857 περιττὸν
579 770 729 857 ἀριθμὸν
763 772 877 856 ἄρτιον
909 785 1004 838 ποιεί
1036 774 1094 839 τὸν
1127 774 1165 838 δὲ

67 874 217 960 τάρτιον
243 876 415 960 περιττόν)
446 873 547 960 ἀρχήν
581 876 618 939 δὲ
650 879 708 941 τοῦ
742 875 801 959 μὲν
823 872 938 961 ἀρτίου
960 877 1002 941 τὰ
1024 876 1083 942 δύο
1106 879 1165 942 τοῦ

99 979 138 1042 δὲ
168 981 324 1064 περιττοῦ
357 979 399 1043 τά
430 982 506 1064 τρία
533 979 727 1053 ποιοῦνται,
760 979 803 1043 τά
830 978 868 1043 δὲ
890 983 989 1045 πέντε
1010 979 1164 1061 γεννᾶται

98 1081 224 1148 τούτων
246 1082 331 1167 πρὸς
351 1076 512 1166 ἀλλήλους
526 1085 750 1166 μιγνυμένων·
774 1083 908 1158 εἰκότως
931 1083 1046 1167 ἔσχηκε
1067 1082 1165 1170 τιμήν

101 1185 231 1270 πρῶτος
263 1184 299 1248 εἰι
332 1182 472 1268 πρώτων
504 1181 780 1270 ἀποτελούμενος,
814 1188 869 1249 καὶ
900 1185 1005 1271 γάμος
1035 1185 1164 1252 ἐπωνό-

99 1306 225 1371 μασται
248 1289 287 1377 τῇ
309 1289 367 1352 τοῦ
390 1285 504 1370 ἀρτίου
527 1286 610 1371 πρὸς
632 1287 771 1373 τδθήλυ
788 1292 944 1371 περιττοῦ
965 1314 1000 1354 τε
1023 1287 1065 1355 αὖ
1082 1292 1165 1375 πρὸς

56 1412 84 1450 ιο
99 1391 137 1457 τὸ
162 1390 260 1476 ἄρρεν
283 1388 469 1476 ὁμοιότητι·
505 1401 580 1466 ταῖς
601 1391 662 1476 γάρ
687 1393 734 1467 είς
757 1394 814 1456 ἴσα
836 1403 954 1475 τομαῖς
976 1395 1041 1457 τῶν
1063 1391 1165 1478 ἀριθ-

100 1496 185 1579 μεῦν,
220 1492 239 1559 ά
267 1492 327 1578 μὲν
359 1491 471 1577 ἄρτιος
501 1491 608 1579 πάντῃ
637 1492 849 1576 διιστάμενος
880 1493 1060 1561 ὑπολείπει
1090 1495 1166 1560 τινὰ

100 1596 251 1684 δεκτικήν
277 1587 383 1682 ἀρχὴν
410 1595 482 1663 οίον
504 1597 539 1662 ἐν
561 1595 666 1683 ἑαυτῷ
689 1598 745 1660 καί
766 1598 884 1682 χώραν,
919 1598 954 1663 ἓν
976 1598 1013 1662 δὲ
1035 1602 1080 1685 τῷ
1103 1622 1165 1664 πε-

101 1704 200 1788 ριττῷ
221 1701 258 1766 τδ
282 1696 362 1766 αῦτδ
387 1700 536 1766 παθόντι
559 1697 660 1784 μέσον
683 1698 734 1765 ἀεὶ
758 1706 908 1787 περίεστι
932 1705 987 1786 τῆς
1002 1704 1166 1788 νεμήσεως

99 1804 232 1891 μόριον·
266 1799 286 1895 ή
313 1805 368 1867 καὶ
391 1802 611 1887 γονιμώτερός
632 1797 702 1869 ἔστι
726 1807 784 1869 τοῦ
807 1803 927 1889 ἑτέρου,
961 1806 1017 1868 καὶ
1048 1803 1207 1888 μιγνύ-Β

57 1931 84 1970 ιε
100 1930 199 1993 μενος
228 1905 280 1972 ἀεὶ
304 1917 416 1992 κρατεί
438 1918 606 1990 κρατεῖται
630 1907 667 1971 δὲ
690 1904 864 1973 οὐδέποτε·
898 1912 1025 1988 γίνεται
1047 1909 1109 1993 γὰρ
1132 1909 1167 1983 ἐξ

101 2009 231 2098 ἀμφοίν
262 2012 333 2074 κατ’
369 2007 528 2093 οὐδεμίαν
560 2011 653 2093 μῖξιν
686 2009 797 2095 άρτιος
831 2008 916 2075 ἀλλά
944 2011 1027 2075 κατά
1055 2010 1167 2087 πάσας

102 2109 265 2197 περιττάς.
321 2111 370 2177 ἔτι
403 2113 441 2178 δὲ
473 2109 600 2194 μάλλον
633 2110 731 2188 αῦτὸς
764 2113 955 2198 ἐπιβάλλειν
988 2110 1077 2200 αύτῷ
1110 2115 1166 2178 καί

101 2219 339 2299 συντιθέμενος
360 2216 507 2280 δείκνυσι
529 2215 588 2301 τήν
608 2215 778 2301 διαφοράν
793 2216 956 2298 ἑκάτερος·
980 2215 1093 2304 ἄρτιος
1107 2217 1167 2302 μὲν

100 2320 163 2405 γάρ
187 2317 295 2394 οὐδεὶς
317 2315 418 2404 ἀρτίῳ
438 2317 610 2384 συνελθὼν
626 2322 788 2403 περισσὸν
804 2324 968 2403 παρέσχεν
984 2317 1056 2385 οὐδ’
1073 2317 1166 2407 ἐξέβη

59 2424 139 2491 τοτδ
173 2425 298 2488 οίκείον
330 2419 392 2488 ὑπ’
415 2419 597 2497 ἀσθενείας
619 2420 736 2501 ἄγονος
759 2420 802 2487 ἀν
825 2422 937 2508 ἑτέρου
959 2428 1015 2487 καί
1038 2421 1166 2510 ἀτελής·

101 2526 258 2610 περισσοὶ
291 2525 329 2590 δὲ
362 2523 557 2610 μιγνύμενοι
585 2537 762 2608 περισσοῖς
787 2523 919 2610 ἀρτίους
943 2523 1088 2602 πολλούς
1109 2527 1169 2591 διά

100 2630 137 2694 τὸ
162 2628 270 2715 πάντῃ
292 2625 433 2713 γόνιμον
455 2625 666 2693 ἀποτελοῦσι.
712 2629 824 2717 τάςδ’
849 2627 951 2706 ἄλλας
973 2626 1032 2695 οάιι
1055 2629 1097 2696 άν
1118 2655 1168 2707 τις

101 2731 137 2799 ἒν
156 2734 262 2817 καιρῷ
277 2732 335 2798 νῦν
349 2730 478 2804 ἐπεξίοι
495 2730 653 2816 δυνάμεις
667 2732 724 2795 καὶ
739 2731 907 2817 διαφοράς
921 2735 986 2800 τῶν
1001 2730 1166 2818 ἀριθμῶν,

102 2833 145 2912 (ῦς
180 2830 239 2901 ούν
272 2832 405 2920 ἄρρενάς
438 2858 472 2898 τε
506 2836 564 2899 τοῦ
598 2832 732 2918 πράτου
759 2836 815 2899 καὶ
842 2835 965 2921 θήλεος
988 2830 1106 2921 ὁμιλία
1126 2837 1208 2911 τάο

60 2974 87 3014 25
102 2942 201 3005 πέντε
223 2936 401 3022 γιγνόμενα
422 2935 530 3022 γάμον
552 2936 585 3002 οἳ
609 2936 839 3022 Πυθαγόρειοι
863 2950 1059 3024 προσεῖπον.
1097 2939 1168 3003 ἔστι

102 3042 140 3107 δὲ
162 3035 183 3133 ᾗ
206 3041 262 3105 καὶ
285 3041 385 3127 φύσις
406 3039 555 3106 λέλεκται
578 3042 624 3127 τῷ
644 3042 722 3126 περὶ
738 3039 839 3107 αῦτδν
855 3041 1168 3126 πολλαπλασιασμῷ

795 3152 1169 3168 ’ΝΛΜΛΝἊΝᾺΛΛΛΜΛΜἏΛΛΛΜΨ

170 3217 188 3266 4
205 3211 333 3285 περιττὸν
351 3218 425 3267 duest
443 3215 469 3266 ιἰι
480 3215 587 3268 nv1F1
604 3217 670 3268 unde
694 3215 848 3279 conjecerim
866 3211 988 3286 ἀριθμὸν
1006 3217 1168 3270 ιιΡΙιιῑεεοίιο

101 3287 216 3337 ιΙίοιιιιιιι
233 3300 305 3344 οεεες
332 3285 433 3335 abierut
454 3284 557 3336 scilicet
575 3279 704 3349 περιττὸν
726 3285 753 3334 in
771 3282 904 3354 ἀριθμὸν,
922 3293 1054 3337 corrector
1073 3287 1103 3336 do
1121 3303 1168 3338 ειιο

101 3355 219 3474 Rogavit
287 3351 481 3472 6*⁷'1‘}‘{’›¹51m33]
499 3354 535 3403 ita
546 3355 576 3472 8Α
587 3353 644 3434 Ῥεῖ.
664 3360 690 3403 et
708 3351 880 3474 rulwefftvsotrtss
897 3356 921 3473 itn
936 3355 968 3406 V1
987 3353 1119 3474 μοιοῦήτήι
1131 3357 1170 3476 Ιήή

191 3437 323 3473 υ.ποιει
392 3439 426 3472 ε.
579 3437 707 3474 απωνο.
814 3438 848 3474 ε.
883 3439 917 3474 ε.
1023 3439 1051 3474 τε
1090 3439 1124 3474 a.

102 3489 131 3544 δὲ
149 3490 208 3540 roll.
279 3490 311 3540 12
328 3483 425 3560 ἀρχὴν]
448 3490 513 3540 latet
535 3505 597 3540 vera
622 3438 752 3556 εοεῑήίτιιοι
771 3489 830 3541 fort.
850 3488 953 3562 ῥαγήνῖ
1019 3494 1050 3544 14
1067 3483 1169 3558 μόριον

103 3559 192 3626 pulcro
202 3557 348 3625 Emporias:
366 3553 482 3625 γόνιμον
499 3558 562 3608 libri
584 3559 593 3624 ΙΙ
616 3558 661 3609 καὶ
680 3559 751 3608 deest
767 3559 791 3608 in
804 3559 855 3609 ΡΑ
871 3562 929 3611 Vnt.
943 3558 997 3610 Pet.
1053 3561 1082 3609 16
1100 3555 1167 3611 κατὰ

102 3625 183 3678 τοῦδε
200 3629 270 3694 μίαν
288 3625 308 3676 D
325 3624 393 3677 κατὰ
411 3625 457 3677 τοῦ
477 3624 506 3676 δε
523 3629 593 3693 μίαν
604 3627 632 3676 1⁴¹¹
656 3643 691 3676 κα
705 3623 895 3693 ..τόύδεμίαν
912 3630 937 3689 (τ
955 3643 1010 3677 eum
1029 3628 1101 3689 siguo
1121 3629 1169 3679 oli·

103 3695 186 3747 sionis
205 3703 232 3746 et
249 3694 344 3761 spiritu
362 3695 414 3747 leni
427 3711 442 3746 ι
455 3710 528 3745 manu
547 3697 627 3747 tertia
645 3695 780 3760 seriptum)
792 3695 828 3756 V3
847 3695 934 3746 suerat
951 3693 1019 3746 forto
1039 3712 1168 3763 καταγου·

104 3764 201 3831 δεμίαν
214 3761 224 3830 ΙΙ
236 3766 330 3815 πάσαν
348 3761 402 3814 Pul.
412 3763 448 3814 V³
503 3764 531 3812 17
551 3761 596 3827 ἔτι]
614 3763 670 3816 ἔστι
688 3761 708 3811 F
719 3765 739 3811 A
750 3763 771 3812 Ε
785 3762 842 3814 Vnt.
858 3765 911 3816 Pet.
925 3763 934 3830 ή
947 3759 1030 3820 αὐτὸς
1047 3766 1120 3816 deest
1141 3767 1167 3815 ιἰι

105 3828 298 3899 ΡεΙ.ΙΙσύτῷΒ
316 3829 401 3899 ἑαυτῷ
414 3831 467 3882 Pal.
489 3825 632 3897 αύτῷεελί.
671 3832 701 3881 19
719 3824 847 3900 ἀρισυν.
863 3828 984 3883 οῦδΡεί,
1021 3833 1053 3881 20
1071 3827 1169 3899 ἀγουος

104 3899 251 3968 ΧγΙειιιλοετ
265 3893 405 3965 ἀπόγονος
417 3900 478 3950 libri
492 3899 501 3964 ss
514 3900 562 3949 καλ
580 3916 626 3950 om.
646 3900 678 3949 [Μ
714 3899 745 3948 23
764 3901 909 3953 νῦνοω.θ
946 3900 1052 3952 24τεΒ
1071 3899 1169 3952 Pul.V³

103 3964 265 4032 ranv1F13
283 3970 308 4018 in
333 3969 427 4018 ceteris
446 3970 519 4019 deest
549 3964 558 4034 ή
588 3964 684 4035 ὁμιλίᾳ
697 3967 794 4032 wytt.:
817 3964 888 4035 ὁμὴ
909 3965 956 4019 διά
980 3964 1119 4033 ὓόμηδια
1137 3969 1168 4020 F¹

71 4077 74 4081 .
105 4037 130 4087 in
141 4037 164 4087 V
177 4037 322 4103 scripturae
334 4052 372 4121 με.
386 4053 472 4087 manus
486 4032 524 4105 ύμ
538 4043 636 4086 tantum
649 4042 767 4102 superest
779 4033 923 4103 ὁμοιότητι
935 4038 996 4088 rell.
1008 4034 1017 4104 ή
1030 4034 1060 4088 τά
1077 4053 1125 4088 0111.
1136 4038 1168 4088 F¹

106 4105 137 4156 26
155 4099 240 4157 αὑτὸν
252 4105 286 4158 V³
308 4101 392 4159 αυτὸν
409 4105 467 4156 roll.
481 4103 491 4172 ΙΙ
503 4105 638 4157 πολλαπλ.
657 4105 709 4155 Pal.
728 4102 763 4154 V³
782 4106 902 4157 πολυπλ.
921 4106 980 4157 τελλ.
