2842 4724
280 285 322 348 74
693 281 744 332 ΒΕ
762 282 935 335 ΒΕῈΕΟΊἮ
1277 314 1300 353 p,
1310 304 1347 344 τις

278 456 438 542 ἀνέχομαι
461 457 650 543 λεγομένην,
674 456 756 540 ήτά
777 482 813 523 τε
834 455 990 545 ἀμήχανα
1012 460 1068 524 καί
1090 454 1136 526 ὥν
1159 458 1346 545 ὑπόμνησις

278 565 343 626 τῦν
376 563 497 647 φωνῶν
529 555 677 644 μάλιστα
709 559 790 646 περὶ
816 562 875 647 τήν
896 560 1041 649 κορώνην
1064 564 1120 627 καί
1142 561 1203 648 τήν
1226 563 1347 651 ἔλαφον

279 658 462 731 έκδῦεσθαι
485 663 543 729 ἐπὶ
565 664 641 740 τοῦς
660 661 938 750 ὑπερβάλλοντας.
959 669 984 747 †
1007 663 1065 732 οῦκ
1080 667 1232 744 ένιαυτὸς
1248 665 1347 754 ἀρχήν

279 769 315 834 έν
337 766 426 861 αῦτρῦ
448 768 504 832 καὶ
527 766 678 851 τελευτήν
700 766 784 853 ὁμοῦ
805 794 838 833 τι
861 767 1006 836 πάντων
1021 764 1066 836 ὦν
1080 774 1243 857 φέρουσιν
1258 764 1346 856 ἀραί

278 874 319 958 γή
342 872 380 937 δὲ
402 868 480 957 φάει
503 871 681 957 περιηχώς,
705 869 782 936 οὐδὲ
805 869 998 956 ἀνθρώπων
1020 871 1089 939 ἀπὸ
1111 873 1241 960 τρόπου
1256 875 1368 956 γενεάῡ

279 973 447 1059 κέκληται,·
480 974 536 1038 καὶ
563 974 626 1059 γὰρ
653 972 747 1059 ῦμείς
769 972 961 1059 ὁμολογεῖτε
983 976 1094 1063 δήπου
1116 978 1175 1043 τόν
1193 976 1346 1044 Ἡσίοδον

278 1076 498 1164 ἀνθρωπίνην
527 1076 611 1163 ζωήν
632 1079 691 1164 τήν
712 1079 827 1158 γενεὰν
848 1079 966 1160 λέγειν.
1011 1076 1115 1167 ήγάρ
1138 1078 1198 1163 οάχ
1222 1079 1344 1160 οῦτως;’

279 1185 460 1267 συνέφησεν
492 1179 512 1246 ὁ
541 1179 737 1267 Δημήτριος.
784 1179 884 1248 ιἀλλά
916 1184 982 1269 μήν
1015 1182 1148 1250 κάκεῖνο
1183 1185 1299 1272 δήλον’
1329 1169 1345 1252 ὁ

283 1284 512 1370 Κλεόμβροτος
534 1274 609 1350 εἶπε
633 1286 679 1351 ιτὸ
696 1283 857 1361 πολλάκις
871 1286 908 1352 τὸ
925 1290 1065 1373 μετροῦν
1078 1289 1136 1352 καί
1149 1285 1194 1353 τά
1210 1288 1345 1374 μετροῦ-

277 1410 359 1471 μενα
381 1399 451 1464 τοῖς
474 1381 590 1464 αῦτοίς
612 1386 754 1471 ὀνόμασι
777 1389 1107 1475 προσαγορεύεσθαι,
1131 1391 1273 1477 κοτύλην
1294 1393 1344 1458 καί
1355 1410 1376 1447 1⁰

238 1496 410 1573 Βχοίνικα
432 1493 488 1557 καὶ
510 1490 663 1578 ἀμφορέα
685 1493 741 1556 καὶ
764 1491 932 1577 μέδιμνον.
977 1490 1015 1560 ὃν
1046 1493 1173 1581 τρόπον
1207 1492 1344 1562 οὖντοῦ

279 1595 405 1671 παντὸς
426 1592 579 1680 ἀριθμοῦ
600 1591 661 1682 τήν
682 1595 813 1681 μονάδα
835 1600 954 1682 μέτρον
976 1593 1080 1664 οῦσαν
1098 1596 1276 1680 ἐλάχιστον
1295 1597 1345 1664 καὶ

280 1695 380 1784 ἀρχήν
402 1697 553 1783 ἀριθμόν
575 1699 751 1783 καλοῦμεν·
787 1697 870 1766 οῦτω
893 1701 952 1767 τὸν
974 1700 1139 1779 ἐνιαυτόν,
1174 1695 1202 1788 ᾧ
1228 1701 1343 1789 πράττη

279 1803 462 1888 μετροῦμεν
497 1801 683 1889 ἀνθριόπου
719 1808 808 1887 βίον,
848 1802 1031 1888 ὁμωνύμως
1062 1805 1108 1890 τῷ
1138 1811 1343 1892 μετρουμένῳ

278 1908 394 1988 γενεάν
430 1903 610 1993 ὠνόμασεν.
667 1907 723 1970 καὶ
756 1908 818 1994 γὰρ
852 1905 909 1983 οῦς
941 1907 1002 1992 μὲν
1033 1900 1155 1973 ἐκείνοι
1190 1911 1374 1975 ποιοῦσινιι

280 2009 445 2096 ἀριθμοὺς
472 2007 570 2077 οῦδὲν
596 2009 709 2092 ἔχουσι
734 2012 802 2078 τάν
828 2015 1071 2096 νενομισμένων
1092 2010 1271 2097 ἐπιφανῶν
1292 2013 1343 2077 καὶ

279 2115 441 2200 λαμπρῶν
463 2112 506 2190 οὸς
527 2114 563 2180 έν
585 2111 760 2200 ἀριθμοῖς·
785 2111 804 2181 ὁ
825 2115 864 2180 δέ
884 2117 950 2182 τῶν
971 2113 1225 2196 ἐννακισχιλίων
1247 2114 1342 2181 ἕπτα-

279 2223 402 2284 κοσίων
435 2221 541 2284 εἴκοσι
574 2219 633 2304 τήν
662 2222 793 2298 γένεσιν
820 2218 935 2305 ἔσχηκε
962 2221 1120 2286 συνθέσει
1141 2218 1204 2303 μὲν
1225 2216 1262 2284 έκ
1283 2221 1342 2284 τῦν

281 2319 349 2387 ἀπὸ
365 2320 511 2404 μονάδος
525 2320 693 2407 τεσσάρων
708 2323 824 2409 έφεξής
838 2322 987 2408 τετράκις
1001 2325 1187 2406 γενομένων
1199 2322 1342 2408 <πολλα-

281 2426 485 2511 πλασιασμηῦ
522 2425 560 2490 δὲ
596 2425 728 2503 δεκάκις
763 2425 969 2511 γενομένων>
1006 2425 1192 2511 τεσσάρων·
1229 2443 1373 2493 τεσσα-ιι

280 2527 422 2613 ράκοντα
446 2529 509 2615 γάρ
532 2528 691 2616 ἑκατέρως
712 2534 869 2611 γίγνεται.
912 2530 1016 2596 ταῦτα
1037 2530 1074 2595 δὲ
1097 2530 1255 2607 πεντάκις
1277 2556 1342 2615 τρι-

279 2636 490 2713 γωνισθέντα
511 2634 569 2699 τὸν
591 2633 779 2718 ἐκκείμενον
793 2633 942 2719 ἀριθμὸν
957 2637 1132 2719 παρέσχεν.
1169 2631 1255 2699 ἀλλά
1271 2633 1343 2717 περὶ

239 2737 339 2821 Ομὲν
366 2732 491 2803 τούτων
517 2736 575 2802 οῦκ
598 2736 777 2820 ἀναγκαῖον
798 2737 883 2823 ήμᾶς
907 2742 1085 2824 Δημητρίῳ
1108 2737 1343 2823 διαφέρεσθαι.

366 3026 377 3075 l
405 3023 452 3072 καὶ
477 3009 516 3074 τὸν
541 3037 620 3089 usque
646 3022 678 3072 ud
702 3017 923 3092 ὑπερβάλλοντας.
958 3022 1030 3076 Niiil
1051 3021 1124 3086 juret
1145 3023 1263 3076 lueunum
1287 3031 1342 3074 unte

278 3092 341 3143 haee
367 3098 490 3154 statuere,
517 3107 573 3142 cunr
597 3093 672 3158 plene
695 3106 773 3142 senen
795 3098 908 3142 enrennt.
944 3092 1072 3144 Videntur
1089 3108 1104 3142 u
1122 3092 1216 3143 scribis
1236 3093 1342 3158 peseine

278 3161 361 3211 habitu
381 3175 447 3211 esre.
474 3158 547 3210 Tulin
559 3159 614 3211 fere
627 3160 777 3226 scripserat,
795 3167 824 3210 ut
837 3161 935 3227 opinor,
954 3159 1117 3211 Plutarchus:
1135 3156 1167 3211 τὰ
1179 3159 1200 3211 τ’
1215 3157 1343 3229 ἀμήχανα

277 3229 323 3279 καὶ
340 3221 441 3296 ἀγόγια
458 3225 530 3297 μήκη
547 3229 601 3281 τῶν
613 3218 723 3298 χρόνων
740 3220 859 3306 μάληστα
872 3229 936 3296 περὶ
947 3224 998 3292 τήν
1008 3219 1113 3299 κόρακα
1124 3229 1170 3280 καλ
1180 3225 1233 3293 τήν
1244 3231 1344 3300 ἔλαφον

279 3293 330 3347 οὐκ
351 3297 408 3350 ἔστι
429 3293 596 3349 διαδύεσθαι
616 3293 678 3354 τοῦς
700 3293 927 3366 ὑπερβάλλοντας.
963 3297 1080 3348 Ceterum
1104 3313 1148 3364 pre
1171 3294 1222 3360 τὴν
1248 3299 1285 3353 λλ.
1308 3305 1344 3350 eet

278 3360 326 3415 τὸν
343 3364 425 3449 eisin
443 3367 515 3439 Burin.
585 3362 691 3447 {aurei
709 3366 893 3417 Bernnrdakie:
911 3362 984 3433 αὐτῷ
1044 3368 1068 3445 *5
1086 3361 1221 3438 περιηχώς
1238 3368 1342 3434 scripsi:

278 3433 459 3554 iiiiii?
456 3433 844 3554 r„2¹‡}'‘5³5⁰'i1i2.‘⁴ssiri²¹·
855 3434 924 3555 iii
948 3437 1345 3575 ’ἀῦὸίῦὶιῧλέζὶιχίίωξέίλ

278 3571 392 3622 redirem
409 3572 502 3621 habere
521 3572 607 3638 itaque
625 3573 729 3636 scribit,
756 3587 842 3623 eornm
861 3588 924 3638 qnae
942 3572 1005 3624 alibi
1023 3573 1127 3624 dixerut
1144 3589 1232 3640 perum
1251 3589 1344 3626 ruemer

278 3638 329 3690 ‘hie
353 3640 421 3691 liber
445 3640 470 3690 in
495 3641 666 3707 manuscripto
686 3656 734 3691 non
754 3641 844 3691 λιστεδ
926 3641 942 3690 6
966 3632 1057 3705 δήπου
1074 3640 1222 3692 Turnebus:
1249 3639 1344 3710 μήπου

281 3709 309 3758 11
329 3701 497 3776 ἀμφιφορέα
515 3708 549 3758 V¹
560 3708 646 3759 Ambr.
711 3709 740 3761 13
759 3704 850 3775 ἀρχὴν
867 3711 913 3759 καὶ
930 3706 1054 3778 ἀριθμὸν
1070 3710 1143 3761 Burb.
1163 3708 1171 3777 Η
1194 3697 1216 3760 (ὁ
1233 3713 1344 3781 πρῶτον

278 3775 313 3827 Vl
325 3777 398 3827 Buri.
418 3779 493 3840 (corr.
511 3793 562 3828 ser.
579 3779 631 3841 σε).
667 3776 780 3843 πρῶτον
797 3776 835 3843 τῷ
855 3777 871 3825 Β
948 3780 980 3830 14
997 3772 1159 3846 ὁμωνύμως]
1179 3778 1234 3844 ejus
1253 3774 1343 3830 Ιοευὸ

279 3860 334 3894 unm
360 3848 408 3897 luc.
435 3846 461 3895 in
489 3845 574 3895 Ambr.
648 3846 678 3898 17
704 3843 924 3912 ἐννεακισχιλίων
947 3847 965 3895 Β
1037 3847 1067 3897 19
1093 3848 1250 3915 γενομένων
1267 3883 1340 3899 .....

279 3904 481 3985 τεσσαράκοντα
499 3914 675 3966 intercedente
693 3914 783 3966 luennu
797 3914 829 3963 70
842 3911 897 3965 fere
911 3915 961 3967 litt.
976 3914 1007 3965 E:
1034 3917 1191 3982 γενομένων
1203 3911 1344 3989 τεσσάρων

278 3976 480 4049 τεσσαράκοντα
498 3982 580 4033 reteri
598 3998 692 4034 omnes.
729 3983 933 4068 Supplenrentnnn
957 3998 1036 4034 menni
1058 3991 1100 4034 est
1169 3985 1199 4034 21
1220 3976 1344 4057 ἑκάτερος

278 4050 364 4100 Amhr.
380 4053 396 4102 Β
408 4049 417 4116 ΙΙ
430 4045 483 4121 γὰρ
495 4066 541 4118 pre
554 4049 583 4103 δὲ
594 4051 669 4102 Buri.
722 4051 755 4102 22
773 4047 843 4104 ἀλλά
862 4053 926 4122 περὶ
938 4067 1015 4118 neque
1027 4054 1060 4103 ed
1072 4055 1205 4117 σεβεσθαι
1217 4055 1249 4120 (p.
1266 4055 1306 4118 75,
1320 4053 1342 4114 ί)

279 4120 342 4170 citet
359 4119 487 4171 Eusebius
504 4117 595 4187 Pnep.
606 4118 655 4174 Er.
668 4118 700 4175 V.
711 4120 728 4172 4
