2842 4724
276 275 319 338 ηρ
690 272 740 322 οε
759 270 933 322 οεουαυο
1274 291 1342 341 ,τιτι

276 449 390 535 φωνην
426 447 657 531 ἐξικνουμένην
695 446 743 521 εἷς
776 442 916 520 πάντας,
962 441 1047 511 οὕτω
1080 446 1153 511 τύτε
1187 447 1343 514 πλείοσιν

277 553 391 638 ἐχρῆτο
414 560 544 636 φωναῖς
566 549 651 632 πρὸς
673 549 832 624 πλείονας
853 545 873 634 ἦ
895 546 1037 632 μαντική
1044 568 1051 584 ·
1073 551 1133 614 νῦν
1156 549 1194 614 δὲ
1208 547 1343 617 τοῦναν-

275 660 349 721 τίον
371 655 439 719 ἔδει
462 651 653 739 θαυμάζειν
673 651 731 717 τδν
746 651 841 725 θεόν,
865 653 895 715 εἰ
918 651 1085 737 περιεώρα
1106 651 1166 737 την
1184 654 1345 739 μαντικην

276 755 444 844 ἀχρήστως
485 757 581 842 δίκην
621 753 741 830 ὕδατος
782 751 1015 839 ἀπορρέουσαν
1055 753 1074 840 ἢ
1112 755 1272 843 καθάπερ
1309 757 1345 821 αἳ

278 866 398 946 πέτραι
434 863 607 945 ποιμένων
642 858 678 924 ἕν
713 856 833 943 έρημίηι
870 856 927 921 καὶ
963 856 1183 943 βοσκημάτων
1216 871 1370 945 φωναῖςε

277 962 502 1049 ἀντηχοῦσαν.’

366 1069 396 1131 9.
430 1063 597 1141 Εἰπόντος
629 1063 667 1128 δέ
696 1064 800 1128 ταῦτα
828 1064 887 1128 τοῦ
908 1060 1098 1148 Ἀμμωνίου
1126 1063 1235 1149 κάμοῦ
1264 1085 1346 1132 σιω-

278 1173 417 1247 πῶντος,
444 1166 464 1235 δ
486 1165 799 1233 ΚΔΕΟΜΒΡΟΤΟΣ
825 1166 883 1252 ἐμὲ
906 1169 1178 1254 προσαγορεύσας
1201 1169 1282 1256 (ἤδη
1306 1172 1347 1236 σύ

278 1277 375 1343 τοῦτο
398 1272 560 1347 δέδωκας’
584 1270 646 1358 ἔφη
671 1270 720 1335 (τδ
743 1271 799 1335 καὶ
822 1281 936 1336 ποιεῖν
957 1272 1053 1337 ταυτί
1076 1274 1118 1336 τά
1133 1285 1276 1359 μαντεῖα
1291 1275 1347 1340 καὶ

235 1393 260 1442 D
281 1379 431 1463 ἀναιρεῖν
447 1375 505 1442 τδν
519 1373 635 1452 θεάν;’
650 1372 724 1440 (οῦκ
739 1373 856 1454 ἔγωγέ
870 1373 1004 1440 EIHON
1011 1396 1018 1411 ·
1036 1373 1271 1460 ’ἀναιρεῖσθαι
1287 1378 1348 1463 μὲν
1359 1403 1383 1442 το

280 1483 342 1565 γάρ
373 1477 478 1546 οὐθὲν
506 1481 599 1559 αῖτίηι
625 1478 711 1542 θεοῦ
733 1478 820 1563 φημὶ
843 1490 999 1563 μαντεῖον
1027 1477 1104 1545 οὐδὲ
1132 1481 1347 1568 χρηστήριον·

281 1583 350 1650 ἀλλ’
388 1578 499 1667 ὥσπερ
536 1579 620 1646 ἀλλα
656 1580 769 1647 πολλοὶ
804 1583 981 1659 ποιοῦντος
1014 1580 1096 1670 ἡμῖν
1128 1583 1258 1651 ἐκείνου
1292 1585 1348 1650 καὶ

282 1685 606 1776 παρασκευάζοντος,
635 1683 753 1765 ε’πάγει
783 1686 920 1770 φθοράν
946 1685 1050 1763 ένίοις
1072 1687 1129 1751 καὶ
1151 1690 1309 1774 στέρησιν
1329 1687 1348 1774 ἡ

281 1791 395 1879 φύσις,
415 1789 542 1875 μᾶλλον
557 1789 594 1854 δ’
610 1788 630 1875 ἡ
644 1783 704 1874 ῦλη
721 1784 872 1874 στέρησις
888 1784 972 1853 ούσα
986 1794 1011 1871 †
1026 1787 1207 1875 ἀναφεύγει
1223 1794 1248 1871 †
1264 1792 1348 1857 πολ-

282 1895 376 1972 λάκις
387 1894 443 1959 καὶ
456 1890 592 1959 ἀναλύει
608 1893 645 1957 τὸ
660 1893 854 1976 γιγνόμενον
868 1889 936 1959 ύπδ
951 1894 1008 1978 τῆς
1023 1898 1208 1979 κρείττονος
1224 1896 1348 1973 αλτίας,
1360 1924 1383 1962 ιι

282 1995 367 2067 οῦτω
389 1998 557 2083 μαντικῶν
578 1998 674 2082 οἶμαι
697 1995 869 2081 δυνάμεων
891 1995 1069 2074 σκοτάσεις
1092 1998 1279 2084 ίδιαιτέρας
1294 1999 1348 2063 καῖ

283 2101 469 2188 ἀναιρέσεις
491 2103 588 2178 εἶναι,
611 2099 723 2165 πολλοὶ
743 2099 828 2165 καλά
848 2101 907 2166 τοῦ
929 2101 1015 2166 θεοῦ
1036 2098 1189 2178 διδόντος
1212 2099 1348 2188 ἀνθρύ-

283 2231 362 2283 ποις
391 2200 566 2271 ἀθάνατον
593 2203 630 2269 δὲ
658 2205 775 2290 μηδέν·
806 2198 889 2268 ὥστε
919 2200 1081 2290 θνήσκειν
1108 2205 1164 2269 καί
1191 2206 1234 2269 τὰ
1259 2207 1348 2270 θεῶν

69 2332 201 2387 (uranon)
282 2308 384 2385 θεούς
414 2308 452 2373 δέ
482 2305 521 2373 οῦ
549 2305 633 2372 κατὰ
654 2307 712 2372 τδν
733 2308 915 2392 Σοφοκλέα
960 2307 1017 2394 την
1042 2308 1063 2372 δ
1070 2308 1077 2336 ’
1101 2304 1221 2374 οῦσίαν
1243 2305 1349 2374 αῦτῦν

242 2425 266 2474 Ε
285 2412 342 2477 καὶ
365 2409 508 2496 δύναμιν
529 2410 566 2476 έν
586 2412 626 2498 τῇ
648 2408 747 2495 φύσει
770 2413 827 2475 καὶ
848 2412 887 2500 τῇ
910 2407 971 2496 ύλη
994 2412 1080 2498 φασὶ
1104 2412 1176 2478 δεῖν
1198 2409 1233 2476 οἳ
1249 2409 1382 2498 σοφοὶιι

284 2622 392 2705 μένης.
431 2617 551 2704 εὔηθες
572 2616 635 2702 γάρ
656 2615 728 2683 ἔστι
750 2618 806 2683 καὶ
829 2618 991 2684 παιδικὸν
1012 2619 1134 2708 κομιδῇ
1155 2618 1193 2685 τύ
1210 2622 1349 2684 οἴεσθαι

283 2717 344 2789 τδν
366 2722 451 2788 θεὸν
473 2719 573 2788 αῦτδν
595 2718 706 2805 ὥσπερ
728 2720 811 2797 τούς
832 2717 1133 2806 ἐγγαστριμύθους,
1165 2720 1349 2808 Εὐρυκλέας

284 2823 393 2891 πάλαι
422 2825 496 2892 νυνὶ
519 2823 556 2889 δέ
580 2822 748 2901 Πύθωνας
770 2828 1124 2910 προσαγορευομένους,
1152 2824 1350 2912 ἐνδυόμενον

285 2930 333 3004 εἰς
354 2928 396 2993 τά
417 2925 554 3010 σύματα
575 2929 641 2993 τάν
662 2932 843 3014 προφητῶν
857 2922 1160 3014 ἀποφθέγγεσθαι,
1182 2940 1254 3006 τοῖς
1269 2923 1347 2995 ἐκεί·
1361 2950 1382 2991 α

373 3243 384 3292 ί
412 3241 458 3294 καί
483 3241 523 3298 εἰς
547 3258 578 3292 τι.
596 3240 650 3293 Pal.
680 3238 689 3308 Η
719 3241 835 3294 πλέοσιν
852 3241 925 3292 Burb.
1012 3243 1027 3292 5
1050 3243 1122 3293 deest
1144 3238 1175 3294 ἒν
1198 3242 1225 3293 in
1244 3242 1351 3294 Bam

287 3311 345 3363 Vnt.
359 3309 413 3362 Pet.
500 3311 515 3360 ’ί
542 3305 575 3363 σὺ
603 3301 687 3361 τούτω
704 3310 778 3361 Βεείι.
814 3309 894 3360 τοῦτο
922 3303 956 3362 σύ
975 3309 1128 3361 Αωοτ.Ρε1.
1217 3313 1248 3363 10
1277 3309 1352 3364 εἶπεν

286 3379 318 3432 V¹
332 3379 406 3430 Βιείι.
421 3379 672 3432 Amhr.ssPet.Vat.
759 3379 787 3432 11
820 3373 935 3436 οὐθενὸς
963 3394 1008 3444 pro
1037 3371 1123 3431 οὐδὲν
1149 3377 1202 3429 Pal.
1236 3377 1247 3446 {l
1284 3381 1352 3448 φημί

287 3449 368 3510 θεοῦ]
395 3446 481 3499 Αωίιε.
500 3447 553 3499 Pal.
641 3448 674 3498 14
709 3438 870 3516 ἀναφεύγει]
906 3455 1061 3513 corruptum.
1108 3443 1253 3516 ἀναφαίνει
1288 3449 1350 3514 conj.

286 3516 430 3584 Xylnnder.
470 3515 542 3568 Fort.
562 3513 687 3584 ἀμαυροῖ
701 3515 745 3579 (ci.
765 3512 910 3573 σκοτώσεις
925 3517 971 3567 καὶ
989 3510 1155 3581 ἀναιρέσεις)
1226 3518 1258 3567 16
1282 3515 1351 3568 ἰδια-

286 3587 373 3653 ιτέρας
391 3585 495 3651 scripsi:
517 3584 608 3658 ἑτέρας
624 3585 687 3636 libri
759 3585 788 3634 17
815 3583 866 3635 τοῦ
884 3584 994 3636 οω.ΒΕ
1065 3583 1096 3634 18
1123 3581 1209 3651 μηδὲν
1228 3586 1351 3637 Λευίταδ.

285 3652 376 3723 μηδὲν
401 3654 460 3704 roll.
529 3655 562 3705 20
588 3653 639 3718 τὴν
657 3648 774 3719 δύναμιν
792 3653 864 3704 Βεεο.
894 3651 903 3719 Η
933 3649 996 3710 τοὺς
1017 3659 1075 3720 post
1098 3649 1221 3721 δύναμιν
1239 3654 1351 3706 inserunt

288 3737 375 3773 omnes
392 3729 496 3788 praetor
515 3722 634 3775 Vlssnrb.
664 3718 673 3787 ii
703 3722 775 3789 φασί
797 3719 858 3775 δεῖν
879 3721 907 3772 οί
929 3721 1016 3792 σοφοί
1034 3721 1118 3787 ζητεῖν
1135 3722 1241 3788 scripsi:
1269 3723 1352 3791 φασίν

287 3791 339 3851 (σί
356 3790 442 3855 ΒειΙι.)
459 3789 516 3844 δεῖν
534 3783 576 3848 οἷς
593 3788 714 3859 ὀφείλειν
731 3789 817 3854 ζητεῖν
836 3789 868 3843 V¹
880 3790 954 3843 Bai-b.
973 3793 1017 3853 (ex
1034 3789 1124 3860 φασίν
1146 3789 1174 3841 οἱ
1195 3793 1282 3910 σοφοί
1299 3790 1351 3843 δεῖν

288 3857 306 3916 ζ.
333 3866 359 3909 et
385 3859 456 3927 φασὶ
481 3858 539 3913 δεῖν
564 3859 592 3910 οῖ
619 3874 643 3910 ο.
664 3860 684 3919 ζ.
707 3856 843 3922 coniecta).
878 3858 964 3927 φασίν
982 3861 1035 3923 (m
1054 3861 1083 3922 B)
1101 3855 1207 3917 δείνους
1249 3861 1352 3929 φείλειν

287 3926 352 3988 (ἀει
369 3928 453 3979 Αωίιτ.
468 3926 522 3979 Pal.
537 3929 566 3992 Β)
593 3927 678 3993 ζητεῖν
703 3927 797 3994 reliqui
878 3928 912 3977 24
938 3924 966 3979 δὲ
992 3928 1096 3979 videtur
1123 3929 1213 3980 deesse
1240 3929 1266 3980 in
1285 3927 1349 3990 vss3

289 3995 359 4046 deest
377 3996 402 4045 in
421 3997 514 4048 Aldina
532 4005 606 4064 atque
624 3999 649 4048 in
669 3995 827 4048 editionibus
845 4003 904 4048 ιιιίο
923 3995 1082 4048 Ιλαοοιιοεοῐο
