2842 4724
184 287 227 350 58
492 287 541 335 DE
561 285 724 335 PYTHIAE
745 283 927 334 ORACULIS
1180 302 1249 351 μου

185 459 416 547 Πολυκράτους
449 462 504 524 καὶ
536 464 715 542 Πειραίου,
751 459 838 543 φιλῶ
871 458 909 523 δὲ
941 459 999 524 τόν
1031 460 1249 544 καθηγεμόνα

141 560 299 650 Οταῦτης
330 567 387 650 τῆς
420 564 592 639 πολιτείας
624 561 801 648 γενόμενον
834 559 914 647 ἡμῖν
946 562 1002 626 καὶ
1035 563 1078 627 τὰ
1106 563 1248 628 πλεῖστα

179 665 304 734 τοῦτον
334 663 590 754 ἐκφροντίζοντα
620 667 677 730 καὶ
710 664 1003 750 παρασκευάζοντα
1025 665 1068 709 *³*
1092 664 1162 730 ἀλλ’
1192 664 1247 732 οῦκ

179 771 270 837 ἔστιν
292 770 408 854 [ἄλλως
430 768 492 853 ὅτι]
513 769 709 857 τηλικαύτην
737 768 794 834 καὶ
819 767 982 855 τοσαύτην
1003 769 1193 856 μεταβολὴν
1214 771 1247 835 ἕν

179 872 280 962 ὀλίγῳ
313 875 419 962 χρόνῳ
450 874 608 957 γενέσθαι
643 875 687 940 δι’
715 872 933 959 ἀνθρωπίνης
962 873 1170 958 ἐπιμελείας,
1204 875 1268 960 μῂι

178 984 264 1047 θεοῦ
286 978 451 1067 παρόντος
472 979 622 1047 ἐνταῦθα
643 979 699 1043 καὶ
722 970 1039 1055 συνεπιθειάζοντος
1053 978 1091 1044 τά
1107 979 1247 1064 χρηστή-

179 1087 272 1171 ριυν.’

263 1190 314 1254 30.
349 1185 445 1254 *Ἀλλ’
475 1183 586 1272 ὥσπερ
614 1186 650 1252 ἐν
676 1197 747 1262 τοῖς
775 1186 850 1250 τότε
871 1183 1004 1271 χρόνοις
1026 1181 1112 1272 ἦσαν
1134 1184 1168 1250 οἱ
1190 1185 1246 1270 την

178 1291 337 1378 λοξότητα
359 1293 424 1358 τόν
445 1293 601 1377 χρησμῶν
623 1291 679 1354 καὶ
695 1288 863 1376 ἀσάφειαν
878 1288 1086 1375 αἰτιώμενοι,
1112 1289 1167 1353 καὶ
1191 1291 1246 1355 νῦν

179 1397 266 1460 είσὶν
298 1393 331 1459 οἳ
364 1394 401 1458 τό
428 1393 505 1459 λίαν
527 1392 658 1459 ἀπλοῦν
680 1394 968 1480 συκοφαντοῦντες.
1015 1387 1061 1457 ὦν
1083 1392 1245 1458 παιδικόν
1256 1415 1278 1450 1⁰

178 1499 249 1564 ἔστι
273 1498 394 1588 κομιδῇ
416 1497 473 1561 καὶ
496 1494 672 1581 ἀβέλτερον
693 1497 729 1563 τό
754 1493 885 1574 πόθος·
909 1497 965 1562 καὶ
986 1497 1050 1581 γὰρ
1073 1496 1107 1563 οἳ
1128 1497 1247 1573 παῖδες

178 1603 289 1688 ἴριδας
312 1602 439 1686 μᾶλλον
460 1602 516 1666 καὶ
539 1598 625 1677 ἀλως
647 1603 702 1665 καὶ
726 1600 868 1688 κομήτας
891 1599 1066 1687 ἢσεληνην
1081 1602 1138 1665 καὶ
1154 1599 1247 1686 ῆλιον

133 1720 158 1769 D
177 1704 316 1793 ἀροῦντες
337 1700 506 1792 γεγήθασι
530 1706 585 1769 καὶ
609 1703 778 1786 ἀγαπῶσι,
806 1706 862 1769 καὶ
886 1699 978 1770 οῦτοι
1000 1704 1042 1768 τά
1064 1706 1246 1790 αἰνίγματα

178 1811 233 1875 καλ
267 1809 327 1886 τάς
361 1807 558 1895 ἀλληγορίας
591 1809 647 1872 καὶ
679 1811 738 1884 τάς
759 1809 951 1894 μεταφοράς
982 1813 1042 1894 τῆς
1074 1811 1244 1893 μαντικῆς,

177 1911 373 1988 ἀνακλάσεις
396 1910 496 1989 οῦσας
518 1912 603 1996 πρὸς
624 1912 661 1977 τό
684 1912 812 1998 θνητόν
834 1914 889 1976 καὶ
907 1906 1145 1998 φανταστικόν,
1169 1911 1244 1977 ἐπι·
1257 1926 1278 1963 1⁵

177 2020 342 2084 ποθοῦσι·
365 2015 426 2082 κάν
446 2015 506 2103 την
525 2019 640 2083 αἰτίαν
658 2017 702 2103 μη
725 2015 847 2094 ἱκανοῖς
862 2014 1040 2083 πύθωνται
1062 2018 1121 2103 τῆς
1146 2039 1243 2099 μετα-

176 2120 289 2208 βολῆς,
307 2118 430 2185 ἀπίασι
446 2119 508 2185 τοῦ
523 2123 607 2187 θεοῦ
619 2121 845 2202 καταγνόντες,
863 2119 923 2202 οῦχ
938 2118 1030 2207 ἡμῶν
1041 2114 1121 2186 οῦδὲ
1136 2114 1244 2184 αῦτιῦν

178 2220 221 2300 ῦς
236 2223 409 2290 ἀδυνάτων
424 2222 525 2292 ὄντων
544 2224 752 2299 ἐξικνεῖσθαι
775 2226 821 2311 τῷ
834 2225 985 2311 λογισμῷ
1007 2225 1091 2308 πρὸς
1113 2225 1173 2310 την
1187 2226 1250 2291 τοῦ.

177 2331 264 2394 θεοῦ
286 2326 460 2395 διάνοιαν]

177 2475 205 2487 'vv

263 2564 278 2614 3
297 2563 356 2614 Lao.
377 2564 409 2614 25
428 2564 480 2615 litt.
500 2565 526 2614 in
545 2563 575 2630 Ε,
594 2565 626 2616 30
645 2565 670 2616 in
689 2566 707 2614 B
760 2567 776 2617 4
793 2559 881 2622 ἀλλως
897 2561 938 2617 ὅτι
961 2565 1071 2617 seclusi:
1091 2567 1194 2616 videtur
1211 2567 1239 2616 nd

177 2629 254 2684 ἔστιν
279 2632 435 2698 adscriptum
462 2631 542 2684 fuisse
561 2649 617 2685 var.
646 2635 705 2685 lect.
738 2628 781 2684 ὅτι
853 2636 883 2685 10
899 2630 1032 2685 παιδικὸν
1057 2634 1239 2703 wyttenbach:

176 2701 223 2752 καί
241 2694 336 2753 ἀδικον
390 2702 417 2752 11
439 2701 484 2752 καὶ
501 2697 564 2774 γὰρ]
581 2698 617 2760 ἀς
632 2697 686 2775 γάρ
698 2702 868 2755 Bernardakis
922 2701 952 2752 13
970 2699 1074 2760 καίτάς
1084 2703 1241 2773 μεταφορὰς

177 2768 316 2820 Leonicus:
335 2769 381 2835 τῆς
397 2771 561 2841 μεταφορᾶς.
