2872 4710
190 335 262 387 μαι
594 316 847 372 ORAGULORUM
1189 319 1255 384 115

191 491 288 560 οὐδέν
321 492 398 559 ἄνευ
431 495 543 578 φωτός
576 493 671 579 ἔργον
701 487 805 572 ἐστιν,
839 496 948 581 ψυχῆς
973 519 1008 559 τε
1033 495 1071 560 τό
1098 497 1257 579 μαντικόν

191 593 303 683 ὥσπερ
325 596 417 682 ὄμμα
431 598 539 662 δείται
555 600 615 663 τοῦ
631 598 891 674 συνεξάπτοντος
906 602 1030 665 οἰκείου
1045 602 1102 664 καὶ
1117 619 1257 667 συνεπι-

189 701 362 787 θήγοντος.
407 698 491 767 όθεν
525 701 557 765 οί
589 702 649 786 μὲν
679 700 801 767 πολλοὶ
827 705 892 768 τάν
913 700 1176 790 προγενεστέρων
1199 710 1256 771 ἕνα

189 806 324 870 καὶτὸν
346 803 447 871 αὐτόν
471 803 609 892 ἡγοῦντο
632 806 717 872 θεὸν
733 804 926 872 Ἀπόλλωνα
947 809 1004 871 καὶ
1026 804 1134 894 ἥλιον·
1163 807 1195 873 οἳ
1219 809 1256 874 δέ

160 909 245 995 scip
268 907 370 993 καλὴν
384 912 440 972 καί
457 908 566 994 σοφὴν
581 907 799 993 ἐπιστάμενοι
814 912 870 974 καὶ
885 913 1044 995 τιμῶντες
1059 906 1254 992 ἀναλογίαν,

189 1008 270 1096 ὅπερ
294 1014 390 1096 σῶμα
412 1012 497 1098 πρός
519 1013 630 1099 ψυχήν
653 1012 733 1100 ὄψις
755 1014 793 1079 δὲ
816 1014 900 1097 πρός
923 1017 1001 1081 νοῦν
1023 1018 1094 1099 φάς
1113 1015 1150 1079 δὲ
1169 1017 1256 1101 πρὸς

187 1112 353 1201 ἀλήθειάν
386 1116 470 1194 ἐστι,
503 1119 599 1182 τοῦτο
630 1117 689 1202 τὴν
718 1115 813 1203 ἡλίου
840 1118 982 1202 δύναμιν
1008 1117 1140 1193 εἴκαζον
1166 1122 1296 1184 είναιΕ

188 1218 273 1301 πρός
293 1219 353 1306 τὴν
369 1217 577 1296 ’Λπόλλωνος
600 1221 717 1307 φύσιν,
752 1221 887 1302 ἔκγονον
919 1222 1046 1288 ἐκείνου
1075 1223 1132 1286 καὶ
1159 1222 1257 1289 τόκον

187 1321 282 1399 ὄντος
310 1322 363 1389 ἀεὶ
384 1323 579 1409 γιγνόμενον
602 1321 655 1389 ἀεὶ
678 1327 797 1390 τοῦτον
820 1323 1074 1410 ἀποφαίνοντες.
1119 1326 1256 1401 ἐξάπτει

146 1447 173 1484 1⁰
186 1427 249 1511 γάρ
282 1429 338 1492 καὶ
372 1429 555 1514 προάγεται
589 1429 645 1493 καὶ
679 1429 865 1514 συνεξορμᾷ
896 1431 953 1515 τῆς
981 1430 1171 1515 αἰσθήσεως
1197 1432 1257 1516 τὴν

186 1528 344 1617 ὁρατικὴν
381 1530 523 1617 δύναμιν
560 1525 654 1609 οὗτος
692 1530 736 1609 τός
770 1535 828 1619 τῆς
864 1535 973 1620 ψυχῆς
1004 1533 1063 1618 τὴν
1096 1535 1257 1619 μαντικὴν

185 1635 329 1711 ἐκεῖνος]

271 1740 323 1803 43.
356 1737 416 1805 ⁴02
444 1742 558 1823 μέντοι
588 1738 779 1816 δοξάζοντες
808 1745 865 1807 ἕνα
892 1740 948 1803 καί
970 1741 1027 1805 τόν
1048 1738 1148 1807 αὐτόν
1169 1741 1256 1807 θεόν

186 1846 286 1921 εἶναι,
321 1841 454 1918 εἰκότως
476 1840 666 1910 Ἀπόλλωνι
699 1845 755 1907 καί
784 1846 830 1934 Γῇ
863 1845 984 1918 κοινάς
1018 1841 1185 1910 ἀνέθεσαν
1217 1845 1254 1911 τό

144 1970 171 2008 τε
184 1946 392 2033 χρηστήριον,
428 1945 577 2031 οἰόμενοι
608 1950 666 2032 τὴν
695 1944 856 2013 διάθεσιν
878 1948 934 2010 καί
956 1951 1076 2034 κράσιν
1098 1947 1256 2032 ἐμποιεῖν

184 2053 224 2141 τῇ
245 2053 287 2142 γῇ
308 2054 367 2117 τόν
389 2047 496 2138 ἥλιον,
526 2047 584 2136 ἀφ’
606 2045 644 2136 ἧς
665 2051 837 2136 ἐκφέρεται
860 2051 919 2126 τάς
941 2050 1100 2135 μαντικὰς
1123 2049 1254 2117 ἀναθυ-

184 2152 327 2238 μιάσεις.
371 2153 478 2240 αὐτήν
505 2155 565 2237 μὲν
595 2150 654 2220 οὖν
681 2155 741 2240 τὴν
765 2157 827 2240 γῆν
850 2152 961 2236 ὥσπερ
982 2153 1137 2231 Ἡσίοδος
1158 2152 1255 2221 ἐνίων
1318 2183 1428 2240 (moga

186 2256 386 2342 φιλοσόφων
417 2258 549 2342 βέλτιον
582 2258 779 2343 διανοηθείς
811 2258 962 2323 ιπάντων
992 2259 1066 2335 ἐδος
1094 2257 1254 2344 ἀσφαλές’

141 2493 169 2530 το
184 2463 374 2551 νομίζομεν·
396 2469 462 2531 τῶν
483 2467 521 2531 δὲ
544 2466 622 2551 περὶ
645 2464 747 2551 αὐτὴν
762 2465 935 2551 δυνάμεων
949 2467 1000 2552 πῆ
1014 2467 1075 2551 μὲν
1090 2466 1257 2552 ἐκλείψεις

184 2571 232 2653 πῆ
265 2569 303 2634 δέ
335 2574 479 2650 γενέσεις
507 2567 655 2650 ἀλλαχοῦ
681 2571 719 2635 δὲ
741 2571 957 2655 μεταστάσεις
979 2572 1035 2635 καὶ
1059 2575 1257 2658 μεταρροίας

184 2669 373 2754 ἀλλαχόθεν
406 2673 493 2748 είκός
526 2673 597 2738 ἐστι
625 2678 836 2757 συμβαίνειν,
871 2675 927 2738 καὶ
954 2674 1086 2740 κυκλεῖν
1113 2674 1149 2740 ἐν
1175 2671 1257 2766 αὐτῇ

182 2775 240 2852 τάς
261 2775 419 2853 τοιαάτας
440 2773 476 2842 ἐν
496 2778 543 2864 τῷ
564 2774 668 2863 χρόνῳ
693 2778 795 2843 παντὶ
818 2776 980 2854 πολλάκις
995 2777 1188 2864 περιόδους,
1213 2776 1257 2854 ός

184 2879 255 2944 ἐστι
291 2884 534 2965 τεκμαίρεσθαι
570 2892 642 2957 τοῖς
679 2885 905 2966 φαινομένοις.
960 2880 1085 2966 λιμνῶν
1121 2905 1156 2944 τε
1191 2880 1255 2966 γάρ

141 3010 168 3050 τι
182 2983 341 3065 γεγόνασι
364 2986 420 3049 καὶ
443 2985 617 3069 ποταμόν,
641 2984 690 3050 ἔτι
714 2985 752 3050 δὲ
773 2983 926 3061 πλείονες
946 2985 1100 3071 ναμάτων
1120 2987 1256 3068 θερμῶν

182 3083 271 3162 ὅπου
305 3088 366 3171 μὲν
398 3083 566 3175 ἐκλείψεις
598 3089 655 3153 καί
684 3090 816 3175 φθοραὶ
843 3087 1076 3166 παντάπασιν,
1112 3085 1199 3154 ὅπου
1222 3088 1256 3152 δ’

183 3190 256 3258 οἷον
289 3190 495 3278 ἀποδράσεις
529 3194 585 3256 καὶ
618 3191 829 3268 καταδύσεις·
864 3196 936 3257 εἶτα
963 3193 1068 3258 πάλιν
1096 3189 1166 3278 ἥκει
1195 3191 1256 3257 διὰ
1272 3211 1326 3266 434

181 3295 310 3381 χρόνων
343 3295 591 3381 ἐπιφαινόμενα
620 3308 691 3372 τοῖς
721 3294 836 3373 αὐτοῖς
868 3293 1029 3382 <τόποις>
1060 3296 1080 3383 ἢ
1109 3297 1256 3382 πλησίον

267 3542 283 3591 2
303 3544 461 3606 συνεπιθίγ.
476 3541 549 3591 Barb.
560 3541 646 3591 Ambr.
656 3542 710 3592 Pal.
773 3543 788 3591 5
806 3543 853 3592 καὶ
869 3558 924 3610 τιμ.
939 3557 986 3592 om.
1000 3543 1018 3592 B
1080 3540 1095 3589 6
1113 3536 1183 3610 ὅπερ
1196 3542 1213 3591 Β
1224 3540 1253 3591 Ε.

181 3601 257 3668 ὅπως
274 3611 333 3662 rell.
386 3612 401 3661 9
419 3603 504 3667 ὅντως
518 3610 588 3661 ΒοτΙι.
599 3610 705 3661 Amba?
716 3610 745 3660 Ε.
774 3609 841 3661 Idem
860 3609 1007 3673 conjecerat
1019 3609 1123 3672 Roiske,
1142 3611 1255 3676 scripse·

180 3685 243 3728 runt
255 3679 365 3742 Diibner,
384 3678 564 3730 Bernnrdakis.
592 3680 656 3730 Bene
675 3680 755 3730 vertit
768 3678 905 3730 Cruserius
925 3681 968 3729 ‘ab
982 3681 1028 3728 hoc
1040 3679 1083 3745 qui
1101 3693 1201 3744 semper
1213 3685 1255 3728 est

181 3747 253 3797 illum
271 3749 313 3814 qui
332 3762 433 3814 semper
445 3749 562 3811 gignitur
573 3747 705 3811 generari'
725 3745 734 3814 ΙΙ
758 3744 966 3817 ἀποφαίνοντες
979 3748 1052 3798 Βεσίι.
1065 3748 1091 3799 Β.
1115 3763 1175 3802 -τος
1193 3747 1254 3797 rell.

182 3815 212 3867 11
236 3810 318 3874 οὕτως
341 3832 392 3868 sec.
412 3816 832 3868 m.Barb.Ambr.BFVat.Pet.
863 3816 872 3883 ΙΙ
903 3815 1069 3883 ψυχικῆςΕ
1149 3815 1181 3867 16
1207 3811 1255 3866 τὸν

179 3880 256 3947 ἥλιον
284 3886 317 3956 τῇ
347 3886 384 3955 γῇ
411 3886 497 3936 Αυιίιτ.
531 3883 540 3951 ΙΙ
579 3883 730 3955 ἐκφέρεται]
758 3882 924 3956 ἐκφέρεσθαι
950 3885 1028 3937 Turn.
1048 3884 1122 3935 Vulc.
1167 3883 1254 3934 Malim

179 3949 250 4022 ἐκφέ
265 3969 290 4004 ει
307 3956 361 4016 καὶ,
379 3956 424 4004 sed
444 3955 480 4004 nil
499 3951 610 4005 fortasse
629 3955 773 4005 mutandum
838 3956 868 4004 19
887 3950 1151 4023 προσειπεῖυλνει.
1165 3952 1219 4002 Pet.
1238 3949 1252 4020 ΙΙ

179 4024 226 4072 καὶ
243 4025 320 4091 ημεῖς
338 4025 417 4074 om.B
487 4022 519 4072 22
546 4021 576 4074 ἐν
598 4019 665 4093 αὐτῇ
688 4023 770 4073 οιυ.Ε
841 4022 873 4072 21
895 4019 955 4088 ἥκει
973 4022 1118 4089 Emporias,
1138 4021 1253 4083 Madvig:

179 4088 237 4142 ἐκεῖ
261 4092 325 4142 libri
403 4092 435 4142 28
460 4082 566 4158 γόνον
589 4090 625 4141 F?
643 4097 665 4142 Α
680 4091 737 4142 Vnt„
756 4092 811 4142 Pet.
835 4083 941 4158 χρόνου
964 4093 981 4141 Β
1011 4089 1020 4157 ΙΙ
1051 4088 1254 4159 ἐπιφαινομένη

181 4108 539 4212 οοο.ιυ.Βιτ1ι.Αω1ιτ.ἐΑ.
565 4156 787 4231 ἐπιφερόμευαΒ
817 4157 827 4227 ΙΙ
857 4152 954 4218 τόποις
971 4159 1176 4228 εδδ.Χγ1εοδοτ

1056 4246 1090 4301 81
