2842 4724
183 256 224 319 56
601 255 649 303 σε
671 256 834 306 puumuu
1180 280 1246 328 pue

180 432 237 495 καὶ
260 429 418 495 πλάττειν
441 429 659 515 περιφράσεις
682 431 737 493 καὶ
752 423 906 510 γλώσσας
920 432 1062 514 έπάγειν
1077 429 1248 519 πύσμασιν

181 532 290 619 ἀπλής
317 536 373 598 καί
403 531 566 617 συντόμου
595 534 767 617 δεομένοις
796 531 1015 620 ἀποκρίσεως,
1050 537 1149 624 ἔργον
1181 539 1248 605 ἔστί

181 638 362 724 φιλοτίμου
385 640 549 723 σοφιστοῦ
571 637 837 715 καλλωπίζοντος
858 639 916 704 έπί
939 636 1018 728 δόξη
1042 639 1247 729 χρηστήριον.

181 740 202 830 ή
230 742 269 808 δὲ
292 746 411 807 Πυθία
444 742 498 806 καί
531 744 610 806 καθ’
633 738 733 827 αὑτήν
755 742 816 827 μὲν
838 743 908 807 ἔστι
930 749 1070 824 γενναία
1091 744 1248 833 τάήθος,

182 843 262 912 όταν
290 843 328 911 δὲ
349 844 418 910 ἐκεῖ
440 845 586 931 κατέλθῃ
610 846 666 910 καὶ
693 848 827 932 γένηται
856 847 949 930 παρὰ
975 850 1022 933 τῷ
1043 851 1117 936 θεῷ
1149 849 1270 917 πλέονι

183 945 302 1036 <οῦδὲν
329 947 412 1040 αῦτή
437 950 494 1034 τής
516 945 584 1014 ἀπὸ
607 946 734 1034 λόγων)
760 949 796 1014 έν
818 949 932 1036 ἐκείνῳ
954 951 1049 1035 μέλει
1071 952 1171 1040 δόξης
1193 956 1245 1018 καί

182 1049 374 1136 ἀνθρώπων
395 1049 623 1119 ἐπαινούντων
643 1050 664 1137 ή
684 1038 884 1137 ψεγόντων.Ἰ

138 1208 163 1258 1)
267 1185 318 1248 29.
353 1182 455 1249 *Ἔδει
488 1182 526 1247 δέ
559 1187 641 1260 ἴσως
671 1185 727 1248 καὶ
760 1183 845 1270 ήμάς
872 1184 960 1266 ἔχειν
982 1182 1099 1263 οῦτως·
1134 1192 1193 1254 νῦν
1213 1187 1247 1254 δὲ

184 1283 295 1371 ὥσπερ
331 1284 536 1367 ἀγωνιῶντες
571 1287 627 1350 καὶ
664 1284 822 1366 δεδιότες,
860 1289 905 1373 μή
941 1288 1136 1373 τρισχιλίων
1170 1291 1248 1358 δτών

184 1386 339 1474 ἀποβάλῃ
372 1388 474 1465 δόξαν
507 1386 527 1455 ό
558 1388 662 1466 τόπος
695 1393 752 1455 καί
782 1394 839 1456 τοῦ
866 1397 1066 1479 χρηστηρίου
1092 1395 1247 1481 καθάπερ
1260 1423 1281 1460 ιο

185 1494 350 1580 σοφιστοῦ
391 1490 564 1579 διατριβῆς
605 1492 886 1581 ἀποφοιτήσωσιν
921 1495 1006 1562 ἔνιοι
1043 1497 1251 1585 καταφρονή-

185 1614 313 1674 σαντες,
343 1594 608 1680 ἀπολογούμεθα
630 1598 687 1661 καί
710 1596 907 1682 πλάσσομεν
928 1601 1039 1675 αίτίας
1060 1602 1117 1666 καὶ
1140 1600 1252 1681 λόγους

184 1695 269 1785 ῦπίρ
303 1692 348 1765 ών
381 1697 457 1766 οὔτε
491 1702 589 1785 ἴσμεν
622 1697 697 1765 οὔτε
724 1700 851 1767 εἰδέναι
874 1706 1044 1788 προσήκον
1065 1701 1148 1790 ήμῒν
1169 1705 1252 1770 ἐστι·

185 1799 490 1889 παραμυθούμενοι
511 1803 573 1869 τόν
594 1803 794 1887 ἐγκαλοῦντα
816 1807 872 1869 καὶ
895 1809 1087 1885 πείθοντες,
1120 1806 1159 1874 οῦ
1181 1813 1252 1892 χαί-

186 1931 256 1993 ρειν
277 1907 406 1984 eume·
1263 1927 1284 1965 ιι

5 2045 134 2098 mmo)
334 2021 446 2110 *αὐτῷ’
467 2024 531 2108 γάρ
555 2025 599 2089 ιοἳ
622 2026 754 2107 πρῶτον
775 2023 994 2110 ἀνιηρώτερον
1016 2025 1126 2090 ἔσται’

184 2145 343 2232 τοιαύτην
365 2145 473 2226 ἔχοντι
497 2147 574 2231 περὶ
597 2146 657 2211 τοῦ
679 2145 766 2210 θεοῦ
788 2144 906 2219 δόξαν·
930 2142 1012 2211 ὥστε
1030 2150 1126 2212 ταυτί
1142 2149 1203 2232 μὲν
1217 2148 1255 2214 τοὶ

186 2252 463 2335 προγεγραμμένα
495 2249 561 2314 τών
594 2250 709 2334 σοφών
739 2247 779 2314 τό
812 2251 931 2329 *γνώθι
965 2249 1097 2317 σαυτόν’
1130 2254 1187 2316 καὶ
1220 2246 1255 2318 τό

185 2352 299 2438 *μηδὲν
321 2351 415 2434 ἄγαν’
438 2350 672 2434 ἀποδέχεσθαι
694 2352 750 2417 καί
773 2351 964 2438 θαυμάζειν
985 2351 1044 2435 οῧχ
1065 2350 1186 2441 ήκιστα
1201 2357 1256 2422 διὰ

145 2455 245 2542 Ετήν
277 2456 500 2541 βραχυλογίαν
537 2453 581 2531 ώς
617 2457 743 2522 πυκνὸν
776 2457 833 2521 καὶ
867 2454 1080 2544 σφυρήλατον
1110 2463 1192 2526 νοῦν
1223 2460 1290 2526 ἕνα·

186 2555 288 2645 δλίγφ
311 2562 532 2645 περιέχουσαν
553 2557 653 2645 ὄγκῳ,
675 2560 752 2636 τοῦς
773 2560 812 2625 δέ
833 2561 998 2647 χρησμοὺς
1017 2557 1070 2628 ότι
1087 2560 1256 2648 συντόμως

186 2664 242 2727 καὶ
258 2659 373 2739 ἀπλώς
384 2664 439 2727 καὶ
451 2662 496 2727 δι’
508 2660 646 2740 εὐθείας
656 2664 699 2727 τά
711 2664 853 2729 πλείστα
865 2663 1050 2751 φράζουσιν
1065 2669 1255 2764 αίτιᾶσθαιη

187 2771 297 2833 καίτοι
329 2765 373 2832 τά
402 2769 542 2832 τοιαῦτα
572 2767 634 2852 μὲν
661 2764 915 2855 ἀποφθέγματα
936 2772 1001 2835 τών
1023 2771 1139 2856 σοφών
1159 2770 1255 2837 ταῦτα

187 2881 259 2948 τοίς
285 2872 334 2947 είς
360 2871 476 2936 στενόν
499 2871 714 2955 συνθλιβεῖσι
738 2876 895 2938 πέπονθε
917 2873 1092 2959 ῥεύμασιν·
1126 2873 1166 2940 οῦ
1195 2875 1256 2961 γὰρ

187 2974 254 3057 ἔχει
282 2978 341 3042 τοῦ
361 2978 422 3042 νοῦ
444 2975 566 3061 δίοψιν
587 2973 666 3042 οῦδὲ
689 2973 926 3063 <ἀντίληψιν>,
958 2975 1028 3042 ἀλλ’
1051 2978 1110 3045 έὰν
1132 2982 1286 3072 σκοπήςιι

187 3082 220 3143 τί
241 3082 426 3164 γέγραπται
449 3080 505 3144 καί
528 3080 678 3146 λέλεκται
700 3081 778 3165 περὶ
799 3078 906 3147 αάτών
926 3092 997 3158 τοῖς
1011 3079 1105 3158 ὅπως
1120 3088 1256 3151 ἕκαστον

189 3181 255 3265 ἔχει
284 3183 500 3268 βουλομένοις
528 3185 751 3269 καταμαθεῖν,
786 3182 824 3251 οῦ
848 3184 972 3271 ῥηιδίως
993 3184 1118 3252 τούτων
1139 3186 1256 3268 λόγους

188 3287 318 3372 ἑτέρους
351 3285 500 3373 εὑρήσεις
532 3285 759 3374 μακροτέρους.
803 3284 825 3374 ή
855 3288 894 3354 δὲ
925 3292 982 3374 τής
1010 3293 1150 3368 Πυθίας
1182 3290 1255 3357 διά·

275 3505 290 3556 6
309 3504 436 3556 Lacunam
453 3511 511 3571 post
528 3501 611 3555 πλέον
629 3503 673 3564 (23
686 3503 740 3555 litt.
761 3503 787 3553 iu
799 3502 821 3553 E
832 3502 864 3554 13
877 3503 904 3553 iu
917 3504 946 3567 B)
963 3502 1002 3555 ita
1018 3503 1149 3570 supplevi:
1167 3506 1255 3557 deiude

189 3589 235 3640 pue
258 3575 383 3626 librorum
411 3568 427 3639 ἢ
455 3572 543 3638 ἐκείνη
569 3572 662 3637 scripsi
685 3569 715 3623 ἒν
743 3570 844 3639 ἐκείνῳ.
880 3567 1023 3637 ἀληθείας,
1052 3574 1117 3638 qued
1145 3575 1256 3640 conjecit

189 3643 333 3708 Turnebus,
352 3659 400 3693 uun
419 3641 515 3694 sufficit
532 3642 564 3693 ad
582 3641 697 3692 lueuuum
715 3641 896 3708 complendam,
915 3656 994 3722 neque
1012 3641 1151 3708 potestuio
1169 3642 1255 3715 ἐκείνη

189 3731 221 3782 εδ
238 3730 365 3796 Sibyllam
382 3726 478 3782 referri
558 3728 574 3780 9
590 3727 748 3796 τρισχιλίων
764 3728 905 3779 Leouieuu:
924 3723 1122 3796 τρισχισμδνΕ
1142 3729 1254 3796 idemque

190 3801 245 3850 uiue
263 3799 396 3865 punctisB
443 3797 474 3850 16
494 3791 680 3865 ἀνιηρώτερον
703 3798 839 3848 Humerus:
860 3791 1041 3864 ἆνιηρότερον
1107 3799 1137 3849 19
1156 3793 1254 3850 ἀποδέ-

186 3873 292 3935 χεσθαι
302 3868 365 3930 κτλ]
384 3860 560 3935 ἀποδέχεσθε
573 3866 623 3925 (ita
633 3865 738 3928 Aldina)
751 3894 783 3903 —
796 3855 992 3934 θαυμάζετε-
1004 3865 1136 3917 αἰτιᾶσθε
1150 3866 1254 3918 Reiske:

191 3931 335 4006 αἰτιασθῦιι
352 3955 464 4005 hubetB
530 3953 562 4003 20
581 3952 629 4004 Vel
648 3952 780 4003 delendum
799 3949 837 4011 ὡς
854 3953 898 4004 vel
914 3952 1076 4024 περιέχοντα
1095 3953 1253 4006 scribendum

192 4022 223 4072 2³
241 4026 329 4073 καίτοι
347 4023 452 4088 scripsi:
471 4023 519 4073 καί
530 4019 540 4088 Ιή
551 4016 634 4073 ταύτὸ
647 4021 829 4076 Beruardukluz
846 4015 948 4079 ταυτὸν
994 4021 1027 4072 25
1044 4017 1199 4089 ἀντίληψιν]
1219 4025 1252 4075 itu

191 4093 317 4158 cumplevi
335 4093 450 4142 lacunam
472 4092 502 4142 13
522 4087 669 4152 Πιεῑιίί,
688 4091 717 4128 ff
739 4090 746 4096 '
939 4104 987 4142 eur
1002 4089 1081 4142 Tuuu.
1103 4091 1176 4144 Vule.
