2842 4724
195 270 258 333 102
605 267 655 317 DE
674 267 849 318 DEFECTU
1189 287 1255 334 ms

193 453 359 524 στοιχεῖον
381 441 462 507 ἄλλο
486 443 642 508 ποιοῦσιν
666 439 728 526 <ῆ>
752 441 858 506 έκεῖνο
886 441 925 506 τό
948 439 1125 526 σκαληνόν,
1159 438 1195 517 ἒξ
1222 439 1257 507 ού

191 547 250 630 τῆν
282 545 458 630 πυραμίδα
491 546 547 610 καί
577 545 614 610 τό
647 542 825 627 ὀκτάεδρον
855 545 971 609 καὶτὸ
999 544 1257 631 είκοσάεδρονό

153 664 176 712 Β
197 648 337 714 Πλάτων
359 653 561 733 συνίστησιν.
595 643 687 714 ὥστε
713 644 782 732 ἅμα
803 646 908 728 γελῶν
930 645 1146 733 όἍμμιύνιος
1168 652 1259 714 εἶπεν

194 752 226 838 ’ῆ
248 752 353 817 ταύτά
374 768 430 817 σοι
452 751 628 818 διαλυτέον
649 749 669 836 ῆ
685 749 776 817 ἴδιόν
790 776 821 816 τι
838 751 970 816 λεκτέον
984 752 1064 834 περὶ
1079 752 1137 837 τῆς
1151 754 1258 837 κοινῆς

193 855 358 940 ἀπορίας]
1269 884 1280 922 ι

279 962 330 1024 34.
362 957 478 1025 ΚΑΓΩ
500 957 751 1043 ιπιθανώτερον
773 956 870 1023 οῦδὲν
892 957 955 1039 ε’χω
970 956 1079 1038 λέγειν
1102 957 1138 1024 ἔν
1160 983 1197 1039 χε
1218 962 1260 1047 τῷ

193 1062 350 1150 παρόντι·
385 1061 517 1146 βέλτιον
547 1064 583 1127 δ’
614 1065 695 1138 ἴσως
723 1061 815 1127 ἐστὶν
842 1056 932 1137 ἰδίας
959 1059 1105 1138 εύθύνας
1127 1059 1261 1144 ὑπέχειν

193 1167 290 1250 δόξης
324 1165 344 1251 ῆ
377 1161 563 1251 άλλοτρίας.
606 1163 690 1246 λέγω
721 1169 833 1231 τοίνυν
865 1160 970 1241 αὖθις
999 1165 1036 1239 ἒξ
1062 1163 1179 1252 ἀρχῆς,
1213 1163 1260 1232 ότι

193 1271 286 1335 δυείν
307 1266 537 1354 ὑποκειμένων
558 1266 703 1354 φύσεων,
731 1270 788 1353 τῆς
809 1269 869 1352 μὲν
891 1270 1057 1354 αἰσθητῆς
1079 1269 1116 1334 έν
1138 1273 1260 1350 γενέσει

194 1374 251 1437 καί
273 1373 391 1458 φθορᾷ
412 1370 597 1455 μεταβόλου
620 1372 677 1436 καὶ
699 1373 842 1458 φορητῆς
865 1369 982 1437 ἄλλοτε
1003 1370 1126 1450 ἄλλως,
1153 1371 1261 1456 ἑτέρας
1271 1390 1291 1430 1⁰

194 1476 229 1541 δ’
262 1476 298 1541 έν
332 1472 430 1555 ούσίηι
463 1477 580 1560 νοητῆς
609 1472 663 1540 ἀεὶ
689 1476 773 1540 κατὰ
798 1472 903 1541 ταύτὰ
930 1473 1085 1551 ὦσαότως
1112 1473 1259 1562 ἐχούσης,

195 1577 307 1645 δεινόν
330 1578 433 1656 ἐστιν,
468 1574 640 1662 ὦὲταίρε,
673 1580 732 1664 τῆν
753 1579 814 1663 μὲν
835 1579 955 1664 νοητῆν
978 1577 1158 1664 <διδόναι>
1182 1579 1260 1645 διω-

196 1685 317 1766 ρίσθαι
345 1682 402 1746 καί
429 1681 596 1767 διαφοράν
619 1681 706 1762 ἔχειν
727 1682 763 1747 ἐν
786 1680 898 1773 ἑαυτῆ,
931 1683 991 1767 τῆν
1014 1683 1051 1748 δὲ
1074 1685 1261 1768 σωματικῆν

196 1787 252 1852 καί
281 1789 475 1872 παθητικῆν
502 1789 533 1851 εί
558 1787 603 1872 μῆ
627 1791 707 1870 μίαν
728 1811 779 1863 τις
801 1784 982 1852 ἀπολείπει
1005 1798 1261 1873 συμπεφυκυῖαν

156 1887 277 1981 Οαύτῆ
299 1891 356 1954 καί
379 1888 613 1975 συμπνέουσαν
635 1887 718 1955 ἀλλὰ
739 1889 871 1974 χωρίζει
894 1890 950 1955 καὶ
972 1889 1155 1975 διίστησιν,
1184 1889 1293 1971 ‹ira-1⁵

195 2006 327 2060 νακτείν
348 1994 405 2059 καί
421 1992 659 2079 δυσχεραίνειν.
692 1994 734 2059 τὰ
755 1996 817 2078 γὰρ
840 1994 966 2079 μόνιμα
981 1994 1038 2058 καὶ
1053 1997 1139 2059 θεία
1154 1993 1261 2082 δῆπου

194 2096 318 2182 μᾶλλον
340 2093 448 2163 αύτῶν
470 2097 610 2179 ἔχεσθαι
633 2093 795 2184 προσῆκει
817 2099 873 2162 καί
894 2095 1034 2184 φεύγειν
1056 2095 1101 2175 τός
1124 2095 1262 2164 ἀνυστόν

195 2201 266 2266 έστι
288 2198 392 2286 τομῆν
414 2197 550 2266 ἅπασαν
572 2201 627 2266 καὶ
651 2201 838 2268 διάστασιν.
884 2199 968 2266 ἀλλὰ
1000 2202 1056 2266 καί
1088 2201 1215 2268 τούτων
1243 2199 1261 2287 ῆ

194 2307 255 2370 τού
285 2303 395 2389 ἑτέρου
425 2303 565 2389 δύναμις
595 2303 764 2391 ἁπτομένη
792 2304 947 2391 μείζονας
970 2306 1179 2391 ἐνείργασται
1202 2307 1261 2371 τόν

196 2407 280 2472 κατὰ
300 2407 406 2474 τόπον
421 2408 629 2476 διαστάσεων
645 2414 725 2491 [τοῖς
747 2413 887 2494 νοητοῖς]
902 2411 961 2486 τὰς
983 2409 1067 2475 κατὰ
1087 2408 1188 2491 λόγον
1209 2409 1261 2474 καὶ
1273 2431 1295 2472 ιο

197 2504 292 2577 ἰδέαν
319 2507 567 2598 ἀνομοιότητας.
612 2510 696 2579 ὅθεν
728 2511 943 2598 ἐνιστάμενος
974 2525 1045 2591 τοῖς
1078 2518 1114 2580 ἓν
1135 2513 1173 2579 τό
1198 2521 1263 2579 πᾶν

197 2612 447 2700 ἀποφαίνουσιν
479 2614 498 2683 ό
522 2615 674 2695 Πλάτων,
708 2617 747 2683 τό
779 2642 814 2682 τε
847 2616 886 2683 δν
919 2621 1005 2683 εἶναί
1034 2637 1119 2704 φησι
1146 2618 1203 2682 καί
1228 2617 1262 2681 τό

196 2715 315 2785 ταύτόν
348 2719 404 2784 καὶ
431 2721 469 2785 τὸ
500 2725 622 2805 ἕτερον,
656 2720 716 2786 ἐπὶ
737 2723 824 2787 πόσι
846 2722 885 2786 δὲ
906 2726 1037 2807 κίνησιν
1058 2722 1116 2786 καὶ
1138 2721 1264 2788 στάσιν.

199 2819 303 2888 όντων
325 2818 384 2889 οὖν
406 2827 505 2889 πέντε
526 2822 664 2902 τούτων,
688 2823 727 2891 ού
750 2825 949 2910 θαυμαστόν
968 2823 1021 2911 ῆν,
1045 2827 1076 2891 εί
1090 2829 1155 2891 τάν
1170 2828 1265 2891 πέντε

198 2929 396 3009 σωματικῶν
418 2930 590 3009 στοιχείων
611 2927 746 2994 ἐκείνων
768 2933 905 2995 ἕκαστον
927 2927 1066 2995 ἑκάστου
1080 2933 1216 3015 μίμημα
1229 2929 1298 3017 τῆκε

153 3042 178 3091 D
198 3026 297 3113 φύσει
330 3031 386 3093 καὶ
420 3029 561 3096 εἴδωλόν
593 3031 664 3096 ἐστι
693 3037 909 3119 γεγενημένον
938 3030 997 3099 οὐκ
1024 3031 1165 3117 ἄμικτον
1192 3030 1266 3099 οὐδὲ

199 3133 386 3219 εἰλικρινές,
421 3132 506 3198 ἀλλὰ
534 3138 580 3221 τῷ
614 3135 760 3219 μάλιστα
787 3142 935 3220 μετέχειν
964 3143 1102 3203 ἕκαστον
1132 3135 1266 3221 ἑκάστης

199 3234 378 3322 δυνάμεως.
415 3235 434 3302 ό
456 3242 575 3322 μένγε
597 3236 695 3324 κύβος
717 3240 871 3326 ἐμφανῶς
893 3237 1042 3316 στάσεως
1057 3239 1184 3306 οἰκεῖόν
1198 3241 1266 3305 ἐστι

287 3470 298 3520 1
318 3468 448 3520 ποιοῦσιν
465 3463 482 3533 ῆ
502 3468 588 3522 ἐκεῖνο
607 3472 711 3538 scripsi:
729 3472 859 3525 ποιοῦσιν
876 3469 961 3523 ἐκεῖνο
976 3471 1048 3523 ΒεοΙι.
1062 3472 1150 3523 Αωίιε.
1177 3489 1208 3523 π.
1221 3466 1266 3521 οὑκ

198 3534 236 3587 ἐκ.
249 3537 308 3587 rell.
361 3539 375 3587 7
395 3537 423 3590 δ’
440 3539 512 3590 deest
531 3540 557 3589 in
571 3540 644 3591 Barb.
676 3541 770 3591 Carere
783 3556 925 3606 possumus,
942 3537 996 3608 γὰρ
1008 3547 1066 3606 post
1078 3537 1265 3606 πιθανώτερον

200 3604 298 3655 inserto
367 3607 382 3656 9
405 3606 485 3660 δυοῖν
502 3607 556 3657 ΑΕ
572 3608 628 3659 Vnt.
659 3607 668 3676 ΙΙ
698 3606 927 3677 ὑποκειμένοινΒ
999 3611 1030 3660 10
1052 3607 1179 3676 εὐμεταρ.
1204 3609 1264 3659 idom

201 3673 231 3722 12
251 3666 405 3740 δεινότερον
423 3677 494 3726 Barb.
520 3673 529 3741 ΙΙ
560 3666 669 3728 διδόναι
688 3678 786 3728 inserui
816 3676 825 3743 ῆ
856 3676 1036 3745 διορίσασθαι
1054 3693 1099 3744 μου
1120 3676 1264 3747 διωρίσθαι

201 3742 217 3790 Β
246 3751 272 3794 et
295 3744 376 3793 Αοοο.
404 3745 429 3794 in
454 3744 595 3796 Ald.Bodl.
669 3746 699 3795 13
726 3745 810 3812 ἑαυτῷ
834 3747 924 3798 AVat.
938 3745 993 3797 Pet.
1064 3747 1096 3798 14
1123 3741 1263 3798 ἀπολείπει

201 3827 263 3861 nnus
282 3811 317 3861 E:
344 3809 493 3864 άπαλείποι
516 3814 616 3873 (λίποι
634 3815 718 3866 Ambr.
734 3816 767 3878 B)
792 3816 848 3865 rell.
922 3816 952 3866 15
979 3819 1177 3881 συμπνέουσαν
1194 3815 1261 3866 Βεείι.

200 3880 287 3930 λαιόν.
322 3874 508 3933 συννεύουσαν
534 3882 592 3933 rell.
624 3881 633 3949 ΙΙ
667 3883 819 3952 χωρίζοιΕ
902 3884 934 3934 17
959 3878 1051 3936 αὐτῶν
1072 3885 1158 3935 Ambr.
1173 3883 1223 3933 BE
1247 3877 1259 3948 ΙΙ

201 3945 351 4017 προσήκειν
368 3950 441 4000 Βευίι.
456 3949 464 4017 ΙΙ
482 3945 520 4006 οίς
536 3952 609 4002 deest
627 3952 653 4001 in
673 3953 745 4001 Bnrb.
759 3953 846 4002 Διαίου.
903 3953 931 4004 19
950 3948 967 4017 ἡ
984 3950 1073 4023 ἑτέρου
1092 3953 1109 4002 Β
1161 3951 1193 4001 20
1210 3952 1260 4004 τοῖς

200 4020 307 4082 νοητοῖς
324 4018 420 4068 seclusi
476 4019 506 4069 21
526 4021 582 4076 τοῖς
598 4020 638 4075 είς
655 4017 685 4072 ἓν
704 4022 720 4070 Β
739 4028 765 4070 et
782 4021 864 4070 Αοου.
884 4021 910 4071 in
930 4021 987 4072 Ald.
1002 4020 1072 4070 Bodl.
1124 4020 1156 4070 28
1179 4015 1258 4087 όμίν

200 4088 240 4153 γε]
259 4087 343 4137 malim
361 4082 376 4137 ὁ
394 4083 518 4157 μὲνγὰρ
