2842 4724
201 287 263 350 108
611 287 661 337 ινιτ
680 286 853 339 officio
1195 306 1261 354 ..ω

197 457 257 526 ὑπ’
294 453 395 545 αὐτῆς
432 460 615 526 διεστῶσαν
652 457 752 546 αδτήν
789 461 845 525 καὶ
880 465 1064 548 φερομένην
1095 462 1198 547 χωρὶς
1230 462 1262 528 ἐν

197 563 376 649 ἀκοσμίαις
397 564 575 640 τοσαύταις
597 563 816 649 παραλαδῶν,
840 566 932 642 ἔταξε
948 565 1003 630 καὶ
1019 556 1207 650 συνήρμοσε
1221 566 1261 631 δι’

197 667 376 750 ἀναλογίας
395 668 452 732 καὶ
472 666 663 755 μεσότητος·
688 671 755 734 εἶθ’
772 668 890 756 ἑκάστη
907 669 1006 750 λόγον
1020 667 1262 754 ἐγκαταστήσας

197 771 310 858 ῶσπερ
334 769 501 858 ἁρμοστήν
523 773 578 836 καὶ
602 769 744 858 φόλακα,
766 773 909 858 κόσμους
924 773 1064 858 ἐποίησε
1078 772 1262 848 τοσούτους,

128 934 131 940 ,
198 873 262 941 ὅσα
288 880 366 961 γένη
388 877 454 940 τῶν
475 873 615 958 πρῶτων
638 874 800 960 σωμάτων
821 874 955 962 δπήρχε.
998 878 1102 940 ταῦτα
1125 876 1187 960 μὲν
1208 865 1285 942 oiri

196 981 235 1070 τῇ
259 978 436 1054 Πλάτωνος
471 976 662 1044 ἀνακείσθω
693 976 806 1063 χοίριτι
836 979 881 1045 δι’
896 978 1100 1064 Ἀμμώνιον·
1132 979 1197 1059 δγῶ
1228 979 1262 1044 δὲ

155 1082 276 1168 Ρπερὶ
310 1083 369 1168 μὲν
402 1079 554 1167 ἀριθμοῦ
584 1078 716 1166 κόσμων
745 1079 803 1147 οδκ
825 1080 866 1149 ἀν
888 1107 971 1148 ποτε
992 1082 1262 1168 διισχυρισαίμην

197 1184 249 1252 ὅτι
272 1187 439 1262 τοσοῦτοι,
465 1186 524 1270 τήν
546 1185 583 1250 δὲ
606 1186 763 1262 πλείονας
785 1188 845 1271 μὲν
866 1182 937 1263 ἑνὸς
959 1183 998 1252 οδ
1020 1186 1085 1271 μήν
1107 1183 1262 1273 ἀπείρους

197 1289 269 1354 ἀλλ’
291 1283 494 1374 ῶρισμένους
516 1287 643 1374 πλήθει
658 1293 840 1376 τιθεμένην
854 1284 969 1368 δόξαν,
993 1287 1168 1374 οὐδετέρας
1183 1289 1261 1354 ἐκεί·

198 1416 263 1458 νων
290 1389 498 1477 ἀλογωτέραν
525 1386 679 1478 ήγοῶμαι,
712 1393 749 1459 τό
779 1393 878 1479 φύσει
905 1394 961 1479 τής
983 1389 1062 1478 ὕλης
1084 1393 1262 1459 σκεδαστὸν
1271 1417 1293 1456 ιο

197 1497 253 1561 καὶ
282 1496 439 1580 μεριστὸν
468 1494 552 1582 ὁρῶν
575 1495 645 1562 οὔτ’
668 1497 720 1582 ἐφ’
743 1495 815 1572 ἑνὸς
837 1500 937 1582 μένον
960 1495 1030 1563 οὔτ’
1053 1498 1102 1572 εἷς
1125 1494 1262 1584 ἄπειρον

125 1615 175 1668 431
197 1598 263 1665 ὑπὸ
298 1602 356 1665 τοῦ
388 1597 487 1684 λόγου
521 1598 672 1683 βαδίζειν
699 1600 851 1685 δῶμενον.
898 1602 928 1665 εἰ
950 1600 982 1666 δ’
1006 1595 1177 1682 ἀλλαχόθι
1200 1623 1260 1666 που

197 1702 371 1769 κάνταῦθα
403 1705 460 1788 τῆς
488 1701 708 1787 Ἀκαδημείας
734 1702 1040 1790 ὑπομιμνήσκοντες
1066 1701 1203 1781 ἑαυτοὺς
1228 1705 1260 1769 τὸ

197 1806 281 1888 ἄγαν
303 1809 360 1892 τῆς
383 1811 526 1882 πίστεως
548 1803 756 1891 ἀφαιρῶμεν,
785 1807 840 1871 καὶ
862 1808 921 1893 τήν
943 1804 1132 1893 ἀσφάλειαν
1154 1804 1260 1892 ῶσπερ

197 1912 232 1976 ἐν
259 1916 368 1996 χωρίῳ
398 1910 566 1995 σφαλερῷ,
595 1911 641 1996 τῷ
667 1911 745 1996 περὶ
771 1914 827 1996 τής
854 1909 1011 1996 ἀπειρίας
1032 1908 1135 1998 λόγῳ,
1163 1911 1260 1996 μόνον
1270 1937 1290 1978 ιτ

197 2012 433 2099 διασήζωμεν.’

281 2117 332 2181 38.
361 2114 462 2201 Ἔμοῦ
477 2116 632 2181 δὲταῦτα
648 2116 814 2195 εἰπόντος,
831 2115 850 2183 ό
865 2115 1109 2183 ΔΗΜΗΤΡΙΟΣ
1125 2115 1259 2203 “δρθῶς’

197 2220 259 2305 ἔφη
285 2223 484 2305 ιΛαμπρίας
506 2230 677 2304 παραινεῖ.
712 2218 870 2295 ‘noman
883 2222 945 2307 γὰρ
962 2219 995 2285 οἳ
1011 2222 1089 2286 θεοὶ
1105 2222 1259 2307 μορφαῖςἱ

8 2341 141 2396 (inimi)
196 2321 234 2388 οδ
258 2320 504 2408 *σοφισμάτων’
528 2319 571 2397 ῶς
594 2319 780 2408 Εὐριπίδης
802 2328 918 2409 φησίν,
949 2321 1035 2389 ἀλλά
1061 2324 1259 2410 πραγμάτων

196 2423 416 2510 ισφοίλλουσιν
438 2418 550 2509 ἡμᾶς’,
575 2420 654 2492 ὅταν
677 2423 720 2501 ῶς
742 2426 961 2511 ἐπιστάμενοι
982 2427 1158 2513 τολμῶμεν
1180 2424 1290 2493 ἀπο-ιι

196 2531 383 2612 φαίνεσθαι
418 2527 497 2612 περὶ
531 2527 741 2612 τηλικούτων.
785 2526 870 2594 *ἀλλ’
899 2528 1068 2607 ἀνοιστέος
1095 2529 1115 2596 δ
1142 2530 1258 2611 λόγος’,

8 2654 139 2710 (τευτευ)
195 2631 239 2708 ῶς
270 2628 369 2706 αὐτὸς
400 2627 481 2717 ἀνήρ
513 2648 628 2717 φησιν,
663 2632 721 2696 ἐπὶ
744 2634 803 2719 την
824 2633 861 2708 ἒξ
881 2632 980 2720 ἀρχῆς
1001 2631 1184 2701 ἀπόθεσιν.
1226 2634 1259 2699 w*

193 2736 259 2820 γάρ
290 2733 526 2821 ἀφισταμένων
555 2735 611 2798 καὶ
642 2732 899 2804 ἀπολειπόντων
925 2738 967 2802 τὰ
993 2737 1175 2825 χρηστήρια
1201 2741 1259 2805 τῶν

119 2850 125 2861 '
152 2839 366 2926 Βδαιμόνων
408 2837 519 2921 ῶσπερ
562 2836 686 2923 ὄργανα
727 2842 881 2922 τεχνιτῶν
918 2837 1003 2927 ἀργά
1039 2842 1096 2906 καὶ
1134 2841 1259 2909 ἄναυδα

194 2946 334 3007 κεῖσθαι
357 2941 491 3021 λεχθέν,
516 2946 627 3027 ἕτερον
649 2941 750 3023 λόγον
772 2943 892 3030 έγείρει
910 2946 969 3010 τὸν
987 2945 1139 3032 περὶτῆς
1154 2950 1289 3022 αἰτίαςιι

193 3045 329 3131 μείζονα
351 3046 407 3109 καὶ
432 3045 611 3130 δυνάμεως,
633 3042 654 3136 ᾗ
675 3045 841 3133 χρῶμενοι
863 3049 1004 3115 ποιοῦσι
1019 3049 1180 3132 κατόχους
1194 3062 1259 3126 τοῖς

193 3150 456 3233 ἐνθουσιασμοῖς
486 3150 541 3213 καὶ
571 3150 875 3234 φαντασιαστικοὺς
903 3152 979 3228 τούς
1007 3151 1181 3239 προφήτας
1208 3154 1260 3219 καὶ

192 3254 250 3329 τὰς
273 3253 494 3339 προφήτιδας.
533 3250 571 3318 οὗ
593 3254 655 3339 γὰρ
679 3252 752 3320 οίόν
773 3279 808 3319 τε
830 3254 889 3341 τήν
911 3255 1065 3341 ἔκλειψιν
1080 3259 1259 3324 αἰτιᾶσθαι

280 3558 312 3608 10
330 3551 440 3624 ἀναλογ.
455 3557 574 3609 ssAVat.
587 3555 641 3608 Pet.
666 3555 675 3623 {i
704 3554 738 3638 πή
756 3558 818 3624 φ.Β
865 3557 895 3607 13
912 3552 1056 3610 κάντουθα
1074 3559 1149 3612 ΒιοΙι.
1162 3560 1258 3624 (moia

192 3627 248 3676 add.
268 3642 317 3676 τεο.
337 3627 382 3689 m.)
399 3624 489 3677 APet.
524 3619 575 3677 κάν
601 3625 659 3676 rell.
685 3622 693 3690 Ιί
725 3623 877 3693 ακαδημίας
901 3626 976 3690 libri3
1004 3643 1071 3678 οοςο.
1091 3629 1258 3682 Bernnrdnkis

194 3696 224 3745 15
251 3695 315 3765 περὶ
336 3695 408 3745 deest
432 3696 457 3746 in
477 3695 563 3746 Ambr.
588 3700 613 3743 et
637 3694 673 3744 ita
696 3694 789 3744 malim.
825 3693 920 3745 Nescio
939 3697 1063 3761 quomodo
1082 3697 1143 3750 mihi
1162 3700 1258 3765 quidem

193 3764 273 3828 magis
292 3765 414 3830 placeret,
439 3764 461 3814 si
480 3764 590 3827 legerem
607 3759 748 3814 κάνταῦθα
765 3763 812 3826 τῆς
825 3757 876 3813 Ἀκ.
895 3759 1129 3831 ὑπομνησθέντες,
1151 3763 1259 3824 ἑαυτοὺς

191 3828 222 3882 τὸ
250 3827 323 3899 ἀγαν
349 3832 395 3895 τῆς
417 3848 447 3882 π.
467 3828 524 3901 ἀφ,
552 3833 599 3882 καὶ
620 3826 669 3896 τήν
691 3825 854 3897 ἀσφάλειαν,
883 3825 975 3900 ῶσπερ
998 3831 1028 3884 ἐν
1044 3849 1074 3899 χ.
1094 3846 1144 3904 σφ.
1162 3837 1201 3904 τῷ
1217 3836 1259 3901 τῆς

191 3895 327 3965 ἀπειρίας,
354 3900 392 3983 τηῖ
414 3897 487 3967 λόγῳ
508 3917 537 3967 μ.
556 3899 628 3951 διασ.
701 3899 731 3948 18
749 3900 863 3956 πολλοῖς
879 3897 939 3972 γὰρ]
956 3900 1003 3951 καὶ
1022 3895 1156 3960 πολλάκις
1174 3905 1257 3955 Ambr.

194 3968 224 4018 22
243 3964 323 4025 αὐτὸς
336 3966 412 4038 ἀνήρ]
426 3970 463 4020 ita
476 3969 581 4035 scripsi:
600 3961 681 4025 αὐτὸς
693 3962 761 4036 ἀνήρ
774 3968 836 4018 libri
850 3971 964 4035 exceptis
978 3969 1062 4019 Ambr.
1076 3971 1119 4036 qui
1132 3967 1168 4023 ἀν
1180 3968 1259 4028 αὐτὸς

191 4027 631 4173 ιωσεκατατείνει
648 4037 699 4169 τε,
718 4036 803 4156 ωε
828 4032 1257 4173 ..ἓσσηιισνυω
