2842 4724
164 316 185 358 ,,
195 306 236 346 n1
578 264 831 339 onucunonuu
1194 274 1235 352 87

163 466 262 551 τιμαί
301 460 371 549 πὰρ
406 461 485 550 ήμίν
518 461 538 548 ή
571 463 627 527 καί
661 461 879 529 παντάπασιν
912 459 1142 543 ἐκλελοίπασι,
1179 487 1237 550 με·

163 569 357 635 ταστοίντων
387 572 434 645 εἰς
463 573 574 652 ἕτερον
603 564 734 650 κόσμον.
781 568 855 632 ἐπεὶ
885 567 941 632 καί
963 566 1132 653 Σολύμους
1153 591 1237 634 πυν-

167 673 321 755 θοίνομαι
343 674 419 747 τοὺς
437 676 576 736 Λυκίων
598 675 798 754 προσοίκους
820 672 855 737 ἓν
876 683 947 748 τοῖς
969 671 1115 756 μάλιστα
1136 675 1237 756 τιμᾶν

162 778 223 844 τὸν
250 777 390 861 Κρόνον·
423 776 499 841 ἐπεὶ
533 776 571 840 δὲ
600 773 799 850 ἀποκτείνας
828 777 903 851 τοὺς
931 775 1090 862 ἄρχοντας
1116 773 1235 854 αὐτῶν,

137 881 324 967 ιἍρσαλον
346 881 401 944 καί
417 879 536 963 Ἅρυον
558 879 614 944 καὶ
634 881 787 962 Τοσοβιν,
812 879 913 964 ἔφυγε
935 881 991 945 καί
1014 879 1236 966 μετεχώρησεν

163 984 375 1072 ὁποιδήποτε
397 985 507 1065 (τοῦτο
536 983 597 1067 χοίρ
620 980 679 1048 οὐκ
702 983 834 1064 ἔχουσιν
856 986 990 1067 εἰπεῖν),
1020 983 1147 1049 ἐκεῖνον
1175 985 1236 1068 μὲν

163 1087 387 1175 ἀμεληθῆναι.
417 1089 493 1165 τοίις
522 1088 561 1152 δέ
590 1087 669 1171 περὶ
696 1087 754 1152 τὸν
765 1081 935 1170 ’Ἄρσαλον
957 1084 1111 1169 σκιρρούς
1133 1085 1236 1159 θεοὺς

163 1189 488 1275 προσαγορεύεσθαι,
512 1190 567 1254 καί
589 1190 648 1265 τας
670 1189 814 1276 κατάρας
834 1188 892 1253 ἐπί
910 1185 1035 1252 τούτων
1050 1191 1234 1252 ποιεῖσθαι

164 1294 313 1378 δημοσίᾳ
336 1294 391 1358 καί
415 1292 488 1375 ἰδία
506 1299 664 1370 Λυκίους.
697 1288 828 1369 τούτοις
850 1294 910 1377 μίν
933 1287 991 1358 οὖν
1006 1289 1109 1376 ὅμοια
1124 1272 1236 1356 πολλοί

124 1423 150 1462 io
164 1397 283 1480 λαβεῖν
311 1397 400 1463 ἔστιν
428 1397 463 1462 ἐκ
489 1399 554 1463 τῶν
575 1399 887 1482 μυθολογουμένων.
931 1398 972 1460 *εί
994 1396 1031 1460 δὲ
1053 1406 1124 1470 τοϊς
1146 1418 1236 1462 νενο-

164 1505 340 1583 μισμένοις
368 1504 434 1567 τῶν
463 1503 554 1567 θεῶν
582 1499 724 1586 ὀνόμασι
752 1498 915 1585 δαίμονάς
943 1522 1037 1574 τινας
1059 1497 1275 1584 καλοῦμεν,Ε

166 1603 205 1669 οὗ
220 1608 448 1689 θαυμαστέον
472 1609 568 1671 εἶπεν
590 1603 608 1670 ὁ
631 1606 737 1680 ξένος·
762 1599 798 1691 *ᾦ
820 1605 882 1685 γὰρ
906 1608 1041 1679 ἕκαστος
1063 1606 1134 1690 θεῷ
1157 1622 1236 1669 συν-

163 1713 318 1773 τέτακται
348 1708 404 1773 καί
434 1704 474 1775 οὗ
501 1712 558 1795 τής
588 1709 757 1794 δυνάμεως
786 1708 986 1793 μετείληχεν,
1019 1704 1087 1772 ἀπὸ
1118 1706 1235 1773 τούτου

164 1812 260 1896 φιλεῖ
292 1813 483 1877 καλεῖσθαι.
528 1815 584 1878 καί
607 1814 669 1893 γὰρ
692 1811 784 1898 ήμῶν
807 1810 825 1877 ὁ
848 1817 908 1897 μέν
930 1817 980 1887 τίς
1002 1811 1072 1876 ἔστι
1097 1815 1195 1885 Δίιος
1218 1807 1236 1875 ὁ

122 1945 149 1984 τε
164 1916 202 1980 δὲ
222 1915 402 2000 Ἀθηναῖος
430 1915 447 1981 ὁ
475 1918 512 1982 δὲ
528 1914 755 1992 Ἀπολλωνιος
777 1916 797 2001 ή
822 1913 1004 1990 Διονύσιος
1026 1913 1235 2000 ήἝρμαῖος·

163 2018 233 2084 ἀλλ’
259 2014 344 2086 ἔνιοι
368 2022 428 2105 μὲν
450 2018 561 2103 ὀρθῶς
577 2045 660 2086 κατα
674 2021 773 2106 τύχην
788 2018 989 2105 ἐκλήθησαν,
1014 2017 1046 2084 oi
1063 2018 1100 2082 δὲ
1115 2017 1236 2083 πολλοὶ

162 2123 269 2210 μηδὲν
302 2122 534 2210 προσηκούσας
567 2122 637 2189 ἀλλ’
668 2123 909 2209 ἐνηλλαγμένας
940 2120 1117 2208 ἐκτήσαντο
1144 2124 1235 2187 θεῶν

163 2230 403 2311 παρωνυμίας]

251 2333 301 2394 22.
335 2330 574 2416 Σιωπήσαντος
603 2330 640 2395 δὲ
661 2330 721 2395 τοῦ
742 2326 985 2414 Κλεομβρότου,
1020 2331 1106 2394 πᾶσι
1133 2326 1237 2414 μὲνό

129 2463 154 2501 ιο
168 2434 267 2514 λόγος
289 2435 396 2522 έφοίνη
419 2434 625 2516 θαυμαστός.
670 2436 729 2499 τοῦ
752 2433 786 2497 δ’
808 2432 1094 2501 ΗΡΑΚΔΕΩΝΟΣ
1120 2437 1235 2499 πυθο-

162 2543 263 2622 μένου
287 2541 335 2624 πή
361 2541 465 2603 ταῦτα
492 2538 654 2623 προσήκει
679 2536 836 2602 Πλάτωνι
863 2537 920 2601 καί
948 2540 1020 2613 πῶς
1049 2537 1174 2613 ἐκεῖνος
1195 2538 1233 2602 τὸ

449 2679 1234 2696 saesaetaewmmmmmmmtmoessttm

252 2756 264 2804 1
288 2748 352 2816 παρ’
376 2747 445 2819 ἡμῖν
463 2750 597 2802 Eusebius.
632 2749 659 2800 Iu
677 2750 715 2801 Pl.
735 2751 806 2800 oodd.
826 2757 884 2817 post
909 2745 1056 2818 γεγόνασιν
1081 2749 1233 2802 collocutum

162 2829 227 2889 erut,
253 2821 431 2887 excideretque
513 2821 528 2869 2
546 2819 607 2871 ἐπεὶ
623 2820 670 2870 καὶ
687 2835 765 2884 usque
784 2821 816 2870 od
833 2821 956 2876 Λυκίους
973 2820 1039 2870 citat
1056 2818 1233 2870 Theodoretus

162 2892 254 2943 Graec.
268 2890 317 2940 Aff.
332 2888 389 2940 Cur.
409 2906 431 2955 p.
447 2889 494 2939 129
513 2890 562 2951 (ed.
577 2886 708 2952 Gnisford)
726 2885 741 2968 ή
771 2879 902 2956 σολίμοις
914 2917 947 2925 -
959 2891 1062 2943 τοῖς-
1073 2890 1235 2957 προσοίκοις

161 2960 235 3013 Burb.
250 2962 327 3021 (corr.
341 2960 449 3021 seem.)
502 2958 519 3008 4
536 2953 654 3027 Κρόνον]
672 2959 787 3027 Κραγον
804 2959 836 3008 oi.
849 2956 952 3009 Lobeok
970 2954 1105 3021 (Aglaoph.
1117 2971 1142 3021 p.
1156 2955 1234 3021 1186)

162 3033 177 3081 5
200 3022 289 3100 ι’ίρυον
312 3027 384 3076 codd.
397 3026 560 3078 Theodoreti.
597 3019 694 3095 ίίροιον
711 3026 881 3077 ubEusebii.
917 3022 1019 3092 ίίροιυν
1041 3025 1098 3074 rell.
1120 3025 1233 3089 ejusdem

162 3096 250 3162 δρύον
268 3095 350 3146 nostri
381 3093 390 3162 il
420 3091 530 3159 τόσοβιν
548 3093 743 3146 b.Tbeodoreti.
779 3086 890 3159 ιόσαριν
907 3111 920 3144 e
939 3092 1059 3157 ejusdem.
1094 3089 1126 3142 τὸ
1145 3093 1233 3157 σέβειν

161 3165 332 3218 είιΕσεεΙιίί.
368 3155 474 3228 τόσιβιν
496 3165 556 3216 rell.
577 3162 687 3226 ojnsuon
711 3170 737 3214 et
755 3163 845 3214 Suidos
869 3181 889 3214 s.
907 3177 930 3212 v.
967 3156 1104 3231 τρώσοβιν
1121 3162 1196 3212 Burb.
1218 3179 1232 3212 ι

162 3253 214 3288 seo.
233 3251 265 3285 m.
300 3229 445 3303 τροσοβιὸν
468 3234 496 3282 D.
532 3230 686 3304 τρωσοβιὸν
705 3234 778 3283 berb.
797 3233 822 3292 (ε
842 3234 936 3298 pum.)
955 3231 1047 3282 Bru.
1081 3227 1234 3300 τρωσόβιον

163 3305 249 3356 Λωίιτ.
281 3298 528 3372 τροσωβιόνΑνει.
560 3297 784 3372 τρωσομιὸνΡοῐ.
799 3298 807 3367 ii
826 3297 1038 3368 ἀνεχώρΑωίιτ.
1085 3298 1233 3361 δίκεῑνον]

161 3375 200 3424 ita
220 3373 354 3434 Eusebius,
379 3371 566 3421 Theodoretus:
596 3368 713 3426 ἐκείνους
737 3370 820 3420 nostri
890 3371 903 3418 7
927 3365 990 3426 τοὺς
1013 3367 1078 3436 περὶ
1096 3365 1128 3419 δὲ
1145 3364 1233 3421 τὸνΑ

161 3442 220 3493 Vut.
234 3441 289 3491 Pet.
321 3440 392 3490 deest
409 3436 456 3490 τὸν
473 3440 499 3488 in
519 3441 536 3488 B
556 3448 582 3489 et
599 3439 753 3490 Theodoreti
772 3439 842 3489 oodd.
866 3437 875 3505 {i
900 3433 1029 3508 σκιρρούς
1047 3438 1101 3487 rod.
1116 3436 1131 3486 b
1149 3435 1233 3487 Theo-

162 3511 255 3561 doreti.
292 3504 401 3574 σκιροὺς
418 3507 618 3560 εοιίᾱ.ΕιιεοΙιίί.
655 3504 787 3579 σκληροὺς
806 3508 861 3558 eod.
880 3523 894 3558 n
912 3506 1069 3558 Theodoreti
1097 3512 1123 3555 et
1150 3507 1233 3556 nostri

162 3581 177 3630 8
200 3567 472 3647 προσαγορεύεσθαι]
495 3577 532 3626 itu
555 3593 611 3626 euin
630 3576 741 3628 Eusebio
759 3576 865 3626 Dsserb.
880 3576 966 3625 Ambr.
1002 3567 1127 3630 -εύοντας
1145 3573 1232 3625 BPet.

162 3641 284 3702 -εὑοντες
300 3646 338 3696 F?
358 3647 481 3696 uAVat.
517 3647 607 3696 -εῦσαι
624 3644 800 3696 Tbeodoretus
830 3644 839 3710 11
869 3640 971 3694 τούτων
988 3642 1232 3694 Euseb.Tbeodor.:

161 3711 249 3783 τούτῳ
273 3714 282 3783 ss
309 3717 339 3767 10
356 3715 611 3782 μυθολογουμένων]
629 3715 667 3764 itu
685 3716 706 3764 D
718 3715 793 3765 barb.
806 3714 893 3764 Ambe.
913 3729 967 3763 eum
980 3713 1104 3764 Eusebio:
1122 3713 1233 3779 θεολογ.

162 3785 220 3837 rell.
296 3786 325 3836 12
344 3779 409 3840 θεὸς
428 3785 512 3832 Ambr.
586 3783 616 3832 13
642 3783 689 3832 καὶ
715 3769 748 3833 οὗ
774 3781 819 3847 τῆς
844 3779 983 3849 δυνάμεως
1008 3782 1173 3848 μετείληχεν]
1195 3780 1233 3831 ita

162 3854 302 3906 Eusebius:
329 3854 376 3902 καὶ
398 3851 464 3920 παρ’
487 3836 521 3901 οὗ
543 3843 685 3919 δυνάμεως
701 3854 746 3902 καὶ
765 3850 846 3919 τιμῆς
864 3853 967 3917 εἴληχεν
985 3851 1047 3901 libri
1066 3850 1156 3899 nostri.
1192 3849 1231 3898 Ab

161 3924 349 3988 interpolatore
367 3923 472 3986 quodam
498 3917 613 3971 eonfeotu
638 3935 695 3972 esse
717 3922 839 3972 videntur
856 3921 898 3986 qui
917 3937 965 3968 non
985 3920 1168 3970 eudaemones
1187 3918 1232 3969 sed

162 3993 192 4044 ud
211 3993 328 4042 homines
346 3993 407 4041 bueo
426 3996 542 4055 spectare
562 3988 790 4055 sibipersuuserut
838 3990 944 4045 14Δῖσς
956 3987 1082 4040 Eusebius
1131 3987 1161 4038 16
1179 3985 1232 4054 μὲν

164 4055 214 4112 οὗν
232 4061 252 4110 F
265 4060 287 4110 E
300 4059 390 4112 uvat.
402 4058 456 4111 Pet.
530 4057 561 4110 18
579 4062 777 4128 προσωνομίας
795 4058 815 4107 D
883 4059 914 4108 21
935 4057 976 4122 πῆ
994 4056 1072 4108 Turn.
1085 4056 1173 4110 Vulo.:
1192 4051 1231 4125 μὴ

164 4127 176 4197 ΙΙ
205 4122 339 4200 προσήκει
357 4129 410 4181 Pet.
428 4143 505 4179 unus:
524 4142 593 4181 -κειν
610 4128 667 4178 rell.
