2842 4724
166 250 210 315 40
582 248 633 299 σε
652 247 814 300 mmm
1160 262 1231 316 μοι

94 428 145 482 401
166 425 267 501 κοίτας
299 428 449 511 φέρουσα
481 422 709 510 καταθήσεται
736 425 801 490 τῶν
826 425 974 508 μισθῶν,
1001 425 1174 490 Αἴσωπον
1198 422 1235 488 δέ

167 526 332 594 ἀπολέσαι
366 527 424 594 τὸν
456 523 641 614 ὁμόδουλον
670 524 789 613 αύτής.’
833 529 888 592 καὶ
912 525 931 593 o‘
951 525 1171 594 ΣΕΡΑΠΙΩΝ
1193 531 1234 592 *τί

167 632 204 696 δὲ
231 633 343 697 ταῦτα’
366 631 427 717 ἔφη
452 630 616 718 ίμακάριε,
650 632 891 715 δυσχεραίνειςγ
923 631 991 695 ἐκεῖ
1013 631 1144 717 βλέψον
1166 629 1232 697 ἀνω

167 736 223 799 καὶ
245 737 304 821 τήν
325 738 447 821 χρυσῆν
470 735 505 800 έν
527 746 598 811 ταῖς
621 746 816 821 στρατηγοῖς
838 734 894 799 καὶ
917 732 1093 817 βασιλεύοι
1109 738 1234 799 θέασαι

170 843 401 925 Μνησαρέτην,
425 835 464 923 ἢν
482 836 610 923 Κράτης
633 841 708 903 εἶπε
729 840 786 925 τής
807 839 872 904 τῶν
891 835 1053 921 Ἑλλήνων
1075 834 1256 920 ἀκρασίαςο

168 940 372 1008 ἀνακεῖσθαι
404 939 587 1027 τρόπαιον.’
633 942 711 1007 ίδῶν
744 937 802 1008 σύν
835 939 1064 1007 δΝΕΑΝΙΑΣ
1098 943 1171 1005 6εἴτ’
1198 937 1235 1007 ού

168 1045 245 1130 περὶ
266 1040 403 1130 Φρύνης’
426 1043 490 1131 ἔφη
514 1047 620 1109 ιτούτο
643 1043 683 1130 ήν
705 1047 877 1131 εἰρημένον
898 1046 944 1130 τῷ
963 1044 1139 1129 Κράτητι,·’
1164 1045 1235 1110 ’ναί

169 1152 264 1215 εἶπεν
290 1146 308 1214 ὁ
330 1146 557 1214 ΣΕΡΑΙΠΩΝ·
594 1151 804 1235 Μνησαρέτη
827 1149 889 1232 γάρ
912 1147 1074 1225 έκαλεῖτσ,
1108 1146 1169 1234 τήν
1200 1147 1236 1213 δέ

170 1250 301 1337 Φρύνην
323 1247 499 1337 ἐπίκλησιν
520 1251 595 1334 ἔσχε
617 1251 676 1316 διὰ
697 1251 756 1338 τήν
778 1249 956 1338 ῶχρότητα.
1000 1248 1113 1316 πολλοὶ
1137 1250 1173 1316 δ’
1196 1246 1237 1327 ῶς

170 1355 257 1421 ἔοικε
278 1356 344 1420 τῶν
366 1352 538 1440 ὀνομάτων
560 1353 834 1441 ἀποκρύπτουσιν
856 1353 892 1420 αἲ
916 1358 1143 1439 παρωνυμίαι.
1180 1354 1267 1440 τήνου

128 1459 257 1540 Βγοῶν
287 1455 501 1545 Ἀλεξάνδρου
544 1462 668 1545 μητέρα
710 1458 897 1544 Πολυξένην
940 1461 1012 1523 εἶτα
1056 1454 1236 1544 Μυρτάλην

166 1559 377 1646 Ὀλυμπιάδα
398 1587 433 1627 τε
455 1560 512 1627 καὶ
522 1567 745 1648 Στρατονίκην
766 1560 933 1648 κληθῆναι
956 1559 1104 1642 λέγουσι·
1127 1561 1187 1647 τήν
1201 1562 1237 1626 δέ

167 1664 299 1732 Ῥοδίαν
332 1664 479 1752 Εὔμητιν
515 1665 591 1753 ἄχρι
624 1668 683 1734 νύν
718 1665 964 1751 Κλεοβουλίνην
997 1661 1174 1752 πατρόθεν
1204 1662 1236 1732 οἳ

171 1770 325 1836 πλεῖστοι
345 1769 516 1837 καλοῦσιν·
537 1768 720 1857 Ἡροφίλην
734 1766 774 1834 δὲ
788 1769 847 1857 τήν
857 1767 1064 1855 Ἐρυθραίαν
1077 1768 1237 1854 μαντικήν

170 1877 348 1960 γενομένην
363 1873 529 1957 Σίβυλλαν
551 1872 834 1960 προσηγόρευσαν.
870 1874 935 1939 τῶν
950 1872 987 1937 δέ
1001 1873 1237 1958 γραμματικῶν
1247 1899 1268 1939 ιι
1298 1959 1302 1967 ἡ

171 1971 295 2063 ἀκούση
329 1978 385 2042 καὶ
419 1979 477 2064 τήν
511 1976 633 2063 Λήδαν
667 1976 876 2063 Μνησινόην,
910 1977 966 2041 καὶ
999 1974 1057 2042 τὸν
1083 1973 1238 2062 Ὀρέστην

168 2078 301 2162 Ἀχαιόν
312 2081 355 2124 *³*
368 2079 567 2165 ὠνομάσθαι
583 2079 791 2168 φασκόντων.
825 2078 908 2144 ἀλλά
923 2081 1008 2158 πῶς,
1025 2077 1102 2165 ἔφη,
1119 2079 1238 2172 διανοῇ

172 2183 214 2250 σύ
237 2185 378 2271 (βλέψας
404 2184 489 2268 πρὸς
510 2186 568 2250 τόν
591 2183 747 2263 ΘΕΩΝΑ)
770 2184 862 2250 τουτὶ
896 2184 1055 2250 διαλῦσαι
1087 2184 1126 2249 τδ
1159 2181 1239 2270 περὶ

174 2288 303 2373 Φρύνης
325 2289 495 2374 αἰτίαμα,·’

261 2430 309 2491 15.
336 2423 495 2502 Κάκεῖνος
517 2425 621 2512 ήσυχή
645 2421 883 2511 διαμειδιάσας
898 2423 1020 2502 *οὕτως’
1036 2430 1133 2493 εἶπεν
1147 2425 1239 2492 ’ὥστε
1250 2449 1272 2489 ιο

174 2531 230 2593 καί
254 2530 308 2595 σοὶ
331 2531 570 2612 προσεγκαλεῖν
583 2531 625 2594 τά
640 2529 823 2614 μικρότατα
837 2533 905 2596 τῶν
917 2528 1114 2616 Ἑλληνικῶν
1128 2529 1240 2616 πλημ-

122 2638 144 2690 0
174 2633 370 2718 μελημάτων
402 2631 577 2715 ε’λέγχσντι.
621 2633 780 2719 καθάπερ
801 2631 866 2718 γάρ
888 2631 907 2698 δ
929 2631 1103 2721 Σωκράτης
1126 2633 1241 2702 ἑστιῶ-

174 2760 271 2822 μενος
302 2737 338 2802 έν
364 2733 508 2803 Καλλίου
529 2739 575 2824 τῶ
596 2736 688 2825 μύρφ
712 2738 854 2823 πολεμεῖ
874 2736 991 2818 μόνον,
1025 2733 1178 2823 ὀρχήσεις
1204 2739 1240 2806 δὲ

3 2910 13 2922 Η
34 2845 70 2935 5⁸2
177 2839 311 2907 παίδων
337 2841 393 2904 καὶ
415 2839 624 2926 κυβιστήσεις
646 2842 703 2906 καὶ
726 2841 897 2926 φιλήματα
919 2840 975 2905 κάλ
996 2839 1242 2921 γελωτοποιούς

177 2941 263 3028 δρῶν
284 2941 447 3025 ἀνέχεται·
470 2947 526 3008 καὶ
548 2944 589 3010 σύ
610 2969 670 3030 μοι
693 2944 803 3021 δοκεῖς
825 2941 948 3028 δμοίως
967 2941 1105 3025 γύναιον
1119 2949 1276 3031 εἵργεινει

175 3046 236 3113 τσύ
257 3045 347 3133 λερσύ
369 3044 574 3132 χρησάμενον
597 3045 666 3132 ὥρᾳ
689 3047 841 3133 σώματος
864 3044 921 3114 σύκ
945 3044 1242 3134 <ἀν>ελευθερίως,

177 3146 289 3234 φόνων
316 3149 354 3214 δέ
377 3153 432 3214 καὶ
455 3151 611 3236 πολέμων
634 3153 689 3215 καὶ
711 3149 894 3236 λεηλασιῶν
916 3148 1086 3241 ἀπαρχαῖς
1107 3154 1164 3216 καὶ
1186 3153 1242 3219 δε-

177 3250 293 3328 κάταις
314 3250 420 3340 κύκλῳ
443 3252 678 3339 περιεχόμενον
699 3254 859 3322 τὸνθεόν
881 3253 979 3340 ὁρῶν,
1002 3255 1059 3320 καὶ
1081 3256 1139 3322 τὸν
1160 3258 1243 3325 νεῶν

177 3354 304 3423 σκύλων
328 3354 524 3443 Ἑλληνικῶν
549 3355 725 3426 ἀνάπλεων
747 3358 803 3423 καὶ
825 3357 982 3445 λαφύρων
1005 3354 1044 3423 σύ
1065 3358 1243 3446 δυσχεραί-

177 3482 255 3538 νεις,
291 3460 368 3526 οὐδὲ
399 3463 571 3546 οἰκτείρεις
592 3461 668 3538 τούς
685 3460 842 3548 Ἕλληνας
863 3462 922 3529 ἐπὶ
944 3463 1009 3528 τῶν
1030 3463 1139 3528 καλῶν
1161 3461 1242 3530 ἀνα·
1255 3493 1278 3534 ιι

176 3563 337 3649 θημάοων
369 3566 543 3647 αἰσχίστας
571 3563 826 3648 ἀναγιγνώσκων
847 3564 1038 3652 ἐπιγραφάς
1060 3567 1244 3653 ’Βρασίδας

132 3674 157 3726 D
177 3669 233 3731 καὶ
255 3665 431 3735 Ἀκάνθιοι
463 3665 531 3733 ἀπὸ
549 3666 749 3756 Ἀθηναίων’
777 3672 833 3735 καὶ
860 3667 1051 3755 ιἈθηναῖοι
1079 3667 1151 3736 ἀπὸ
1178 3677 1243 3737 Κο-

246 3880 261 3931 6
279 3877 326 3957 ςῖύ
345 3876 378 3932 οὐ
397 3879 506 3933 Reiske:
529 3880 588 3933 εἶτα
641 3883 672 3935 13
688 3861 803 3946 Ῥοδίον]
821 3886 978 3954 Κορινθίαν
992 3882 1011 3933 Β
1024 3878 1034 3947 λ
1047 3858 1209 3951 κίεοβούλήύ
1224 3885 1242 3937 Β

178 3947 371 4014 κλεοβσυληνΕ
408 3952 439 4002 17
458 3951 506 4002 luc.
520 3951 744 4004 κουφοτάτου.
780 3952 811 4003 20
824 3948 914 4020 ἡσυχῆ
926 3953 999 4005 deest
1012 3952 1070 4003 inu
1107 3952 1139 4003 22
1152 3947 1241 4005 αίτιά-

177 4019 439 4085 μενος-πολεμεῖν
456 4019 531 4071 libri:
551 4035 620 4072 αοοο.
638 4019 732 4073 Reiske
784 4021 817 4072 26
835 4016 1028 4094 ἀνελευθερίας
1044 4021 1154 4089 scripsi:
1172 4020 1241 4075 ἐλευ-

178 4087 278 4156 θερίως
329 4085 360 4138 31
379 4088 571 4156 αῖσχίστουεδ
