2842 4724
180 337 202 379 p,
213 326 253 368 4⁸4
588 310 843 365 ORAcULORUM
1184 315 1245 379 117

184 492 360 573 Τειρεσίου
382 483 579 573 χρηστήριον
601 486 751 553 ἐκλιπεῖν
772 485 971 554 παντάπασι
994 490 1050 552 καὶ
1073 493 1167 575 μέχρι
1190 493 1249 557 τοῦ

179 593 239 658 νόν
272 588 372 675 ἀργόν
404 591 576 676 διαμένειν
605 592 660 655 καί
688 590 841 657 ἄναυδον.
887 595 918 657 εί
940 592 978 658 δὲ
999 595 1055 657 καὶ
1076 605 1148 670 τοίς
1169 597 1248 679 περὶ

179 693 341 760 Κιλικίαν
364 692 466 779 ὅμοια
487 699 618 761 παθείν
638 699 854 782 συμβέβηκεν,
879 693 921 773 οἷς
941 695 1114 782 ἀκούομεν,
1139 697 1248 777 οὐδεὶς

182 798 223 864 ἀν
245 798 337 885 ἡμίν,
362 795 388 864 ὦ
411 798 592 884 Δημήτριε,
616 802 677 865 σοῦ
699 798 838 886 φράσειε
860 804 1082 888 σαφέστερον.’

150 969 165 1008 ι
265 951 315 1012 45.
353 948 420 1011 Καὶ
442 946 720 1014 όΔΗΜΗΤΡΙΟΣ
742 946 814 1014 4οὐκ
838 950 915 1015 οἶδα
938 950 1039 1034 ἔγωγε
1059 952 1102 1016 τά
1122 977 1159 1033 γε
1174 957 1246 1020 νῦν·

177 1045 347 1137 ἀποδημῶ
374 1050 445 1137 γάρ,
481 1049 523 1127 ὥς
553 1055 636 1130 ἴστε,
672 1051 857 1137 πάμπολυν
884 1053 945 1139 ἤδη
973 1054 1104 1141 χρόνον,
1138 1056 1186 1120 ἔτι
1213 1057 1246 1122 δ’

177 1153 322 1240 ἤκμαζεν
343 1153 424 1239 ἐμοῦ
448 1152 613 1239 παρόντος
633 1156 690 1218 καί
708 1157 746 1220 τό
764 1155 893 1242 Μόψου
916 1159 972 1220 καί
991 1158 1028 1223 τό
1040 1156 1243 1243 Ἀμφιλόχου
1262 1172 1287 1222 D

177 1269 345 1342 μαντείου.
404 1257 466 1338 ἔχοι
505 1256 536 1321 δ’
574 1260 684 1324 εἰπεῖν
723 1261 769 1347 τῷ
808 1259 938 1345 Μόψου
982 1262 1247 1347 παραγενόμενος

178 1363 316 1446 πρᾶγμα
348 1359 640 1445 θαυμασιώτατον.
694 1358 713 1427 δ
745 1363 808 1448 γάρ
842 1360 971 1449 ἡγεμών
1001 1367 1058 1451 τῆς
1091 1364 1247 1442 Κιλικίας

135 1489 163 1528 ιο
177 1462 275 1540 αότὸς
297 1465 359 1549 μὲν
379 1461 566 1549 ἀμφίδοξος
589 1463 634 1530 τόν
656 1464 705 1529 ἔτι
727 1466 812 1551 πρός
831 1466 873 1530 τὰ
887 1471 982 1544 θεία,
1006 1468 1050 1532 δι’
1066 1465 1247 1536 ἀσθένειαν

178 1567 339 1644 ἀπιστίας
361 1571 470 1652 οἶμαι·
492 1567 597 1633 τᾶλλα
618 1568 680 1654 γὰρ
702 1565 742 1653 ἦν
758 1567 913 1654 ὑβριστὴς
928 1571 984 1633 καλ
1001 1573 1141 1655 φαῦλος·
1165 1572 1247 1655 ἔχων
1305 1572 1308 1577 ’

177 1673 215 1737 δὲ
248 1673 326 1756 περὶ
357 1668 460 1737 αὐτόν
488 1669 738 1756 Ἐπικουρείους
767 1673 862 1748 τινας
893 1673 951 1759 την
984 1675 1086 1760 καλὴν
1118 1676 1158 1761 δη
1189 1677 1246 1740 καὶ

177 1773 381 1863 φοσιολόγον
403 1774 643 1859 ἐνυβρίζοντας,
676 1773 719 1851 τός
741 1769 837 1841 αὐτοὶ
859 1777 1006 1857 λέγουσι,
1040 1790 1112 1855 τοῖς
1133 1777 1245 1844 τοιοό-

175 1903 259 1957 τοις,
292 1873 497 1965 είσέπεμψεν
526 1876 756 1965 ἀπελεύθερον
786 1878 859 1945 οἷον
882 1882 930 1954 είς
952 1880 1122 1965 πολεμίων
1142 1881 1245 1947 κατά-

134 2011 161 2050 ιτ
177 2004 305 2049 σκοπον
326 1982 537 2060 ἐνσκευάσας,
566 1982 683 2063 ἔχοντα
705 1987 1035 2068 κατεσφραγισμένην
1056 1981 1182 2062 δέλτον,
1210 1984 1246 2049 ἐν

176 2081 196 2178 ᾗ
225 2085 262 2150 τό
293 2084 444 2170 ἐρώτημα
471 2081 511 2170 ἦν
533 2085 807 2171 ἐγγεγραμμένον,
842 2083 976 2161 οὐδενός
1009 2083 1147 2163 εἰδότος.
1191 2089 1245 2154 ἐν·

158 2185 333 2272 ινυηεόσας
355 2184 414 2254 οὖν
437 2187 456 2254 ό
478 2187 662 2275 ἄνθρωπος
683 2185 795 2273 ὥσπερ
818 2188 899 2265 ἔθος
915 2188 985 2254 ἔστι
1000 2192 1047 2274 τῷ
1062 2194 1164 2278 σηκῷ,
1187 2192 1245 2254 καὶ

175 2293 438 2377 κατακοιμηθεὶς
460 2290 641 2378 ἀπήγγειλε
663 2293 741 2376 μεθ’
764 2289 886 2377 ἡμέραν
908 2290 1066 2360 ἐνύπνιον
1080 2297 1242 2361 τοιοῦτον.
1261 2305 1285 2356 Ε

175 2396 360 2482 ἄνθρωπον
398 2395 510 2469 ἔδοξεν
545 2392 635 2480 αὐτῷ
672 2394 772 2460 καλόν
808 2393 993 2463 ἐπιστάντα
1025 2391 1244 2481 φθέγξασθαι

131 2531 160 2569 κο
174 2502 334 2565 τοσοῦτον
355 2499 508 2584 *μέλανά
532 2499 588 2562 καί
611 2498 715 2564 πλέον
738 2495 835 2564 οῧδέν
857 2496 929 2564 ἀλλ’
950 2497 1052 2576 εὐθὺς
1075 2503 1244 2582 οἴχεσθαι·

173 2605 272 2669 τοῦτο
313 2601 395 2688 ἡμίν
436 2603 495 2687 μὲν
531 2601 661 2668 ἀτοπον
697 2601 802 2687 ἐφάνη
840 2604 896 2666 καὶ
933 2603 1059 2689 πολλὴν
1096 2601 1243 2690 ἀπορίαν

174 2710 353 2789 παρέσχεν·
388 2703 405 2771 δ
437 2706 470 2770 δ’
500 2703 628 2791 ἡγεμών
654 2705 779 2781 ἐκεῖνος
805 2703 967 2791 ἐξεπλάγη
994 2708 1051 2769 καὶ
1078 2708 1243 2790 προσεκά

173 2827 284 2895 νησεν,
329 2808 385 2874 καὶ
426 2810 485 2894 τη“ν
521 2809 637 2874 δέλτον
674 2806 809 2884 ἀνοίξας
845 2808 1055 2875 ἐπεδείκνυεν
1092 2809 1243 2895 ἐρώτημα

174 2916 325 2981 τοιοῦτον
360 2917 586 2998 γεγραμμένον
623 2906 784 2997 ιπότερόν
820 2931 875 2978 σοι
911 2913 1025 2978 λευκόν
1061 2938 1080 2999 η
1117 2914 1242 2997 μέλανα

134 3039 161 3078 τε
174 3016 271 3083 θόσιο
293 3017 440 3102 ταῦρον;’
466 3012 548 3081 ὥστε
570 3017 626 3079 καί
648 3015 724 3091 τοὺς
737 3013 986 3102 Ἐπικουρείους
1001 3016 1241 3102 διατραπῆναι,

261 3324 273 3373 1
296 3319 431 3372 ἐλλείπειν
452 3319 525 3371 Barb.
596 3319 611 3369 3
634 3323 716 3387 συμβ.
733 3325 801 3371 παθ.
823 3334 907 3370 omnes
930 3319 1046 3387 excoptis
1070 3320 1141 3371 Barb.
1154 3320 1240 3372 Ambr.

173 3392 190 3441 4
213 3385 411 3458 φράσηλιοίιε.
482 3389 496 3438 ό
519 3384 552 3439 τά
571 3404 601 3456 γε
618 3388 716 3454 Wytt.:
744 3385 777 3438 τά
796 3388 826 3440 δὲ
896 3384 1046 3456 ΊΜόφου]
1064 3383 1182 3458 μόμψου
1198 3391 1240 3441 hic

174 3467 200 3509 et
217 3457 284 3509 infra
296 3457 412 3508 Ambr.B
434 3454 443 3522 II
465 3451 731 3525 ἀμφιίόχιονΑιοίιο.
775 3457 790 3508 8
808 3456 845 3507 τά
855 3458 931 3521 idem,
948 3453 980 3508 τὸ
999 3459 1056 3508 rell.
1105 3461 1135 3510 10
1153 3456 1239 3527 ἀμφί-

173 3525 254 3586 δοξος
272 3520 311 3579 ὧν
328 3525 374 3589 ἔτι]
394 3527 451 3576 dedi
470 3528 536 3587 (cum
556 3525 653 3591 Wytt.)
678 3527 831 3592 scripturum
849 3527 936 3576 Ambr.
972 3527 1071 3577 Vereor
1098 3533 1180 3578 tamen
1209 3543 1239 3578 ne

173 3590 212 3649 ὤν
238 3595 398 3646 subdititium
426 3595 470 3644 sit.
506 3591 660 3663 ἀμφίδοξος
687 3589 725 3651 τός
749 3593 788 3646 ἔτι
806 3596 889 3657 Βετο,
915 3593 958 3645 ubi
985 3589 1021 3652 ὡς
1047 3610 1079 3644 ex
1105 3610 1160 3646 var.
1179 3595 1239 3647 l'ect.

173 3654 331 3732 ἀμφιδόξιος
357 3664 429 3722 (bene
459 3671 546 3713 essent
572 3658 730 3733 άμφιδόξως
756 3661 812 3730 εἶχε
837 3659 918 3733 πρὸς)
943 3671 1025 3714 ortum
1053 3678 1110 3715 esse
1137 3664 1240 3714 videtur

173 3726 327 3801 ἀμφίδοξός
344 3730 404 3784 ἐστι
421 3732 502 3782 ceteri
574 3731 604 3782 12
623 3727 707 3783 αὑτὸν
724 3749 788 3782 unus
807 3732 840 3783 E:
863 3728 947 3782 αὐτὸν
965 3732 1022 3783 rell.
1054 3731 1063 3799 Ι]
1091 3730 1140 3797 τὴν
1156 3730 1240 3797 καλὴν

173 3799 207 3866 δὴ
234 3803 281 3852 καὶ
306 3803 348 3869 φ]
373 3799 585 3850 ‘subauIIendum
612 3807 653 3851 est
677 3795 768 3865 ἀβριυ’
787 3800 886 3851 Reiske.
923 3794 1167 3872 ἀβριυένυβρίζειν
1187 3817 1240 3853 τινι

173 3870 238 3938 apud
247 3870 417 3920 Herodianum
433 3869 528 3933 legitur
537 3868 608 3930 (vide
618 3867 740 3919 Thesaur.
750 3868 804 3920 VIII
816 3886 839 3936 p.
852 3869 902 3933 17).
920 3870 976 3922 Non
987 3870 1109 3920 debuerat
1119 3871 1238 3921 Bernard.

172 3941 228 3990 τῶν
244 3936 338 3990 καλιάν
356 3932 388 4002 δὴ
406 3940 452 3988 καὶ
469 3930 645 4005 φυσιολόγων
662 3936 792 4001 εοείίιεοο;
815 3937 894 3989 verba
914 3933 950 3994 ὠς
967 3933 1044 3988 αὐτοὶ
1062 3937 1171 4005 λέγουσι
1189 3955 1237 3988 nou

173 4014 279 4073 possunt
301 4007 331 4056 ad
350 4022 444 4057 merum
462 4005 644 4078 ἐνυβρίζοντας
662 4014 787 4072 spectare.
824 4003 858 4071 δὴ
876 4007 948 4057 deest
965 4006 991 4056 in
1012 4006 1169 4057 BAIIVnt.
1183 4005 1237 4058 Pet.
1344 4028 1371 4071 ·,

175 4076 205 4129 16
227 4067 420 4146 γεγραμμένον
438 4075 509 4125 Βευίι,
582 4075 612 4125 19
635 4071 721 4127 καλὸν
742 4074 828 4127 ἐπιστ.
842 4075 989 4126 om.Ambr.
1012 4073 1031 4194 ηη
1059 4075 1238 4144 φθέγγεσθαι

174 4145 240 4196 idem
310 4145 340 4196 21
360 4139 479 4196 ἀτοπίαν
496 4160 540 4210 pro
558 4141 673 4213 ἀπορ.Β
743 4144 776 4195 24
793 4142 995 4216 ἐγεγραμμένον
1034 4152 1067 4195 et.
1224 4156 1226 4160 ’
