2842 4724
295 301 336 362 54
713 294 763 342 σε
786 291 947 342 Ρυτιιιιω
1274 303 1323 354 ,ιι

293 471 389 538 οὐδὲν
401 474 597 556 φρονοῦντες
613 468 825 549 ἐνετύγχανον
836 469 881 552 τῷ
893 469 965 553 θεηῦ
980 466 1058 548 περὶ
1071 463 1265 549 πραγμάτων
1271 463 1325 508 W·

293 573 349 653 οῦς
371 572 470 640 ἀνιᾶι
492 574 548 639 καὶ
564 570 764 659 παροξύνειν
777 570 950 654 ἀπεχθείᾳ
965 569 1076 636 πολλὰ
1088 570 1155 635 τάν
1169 564 1328 654 ἀβουλήτων

293 677 474 753 ἀκούοντας
507 674 565 742 οῦκ
599 675 779 742 ἐλυσιτέλει
813 685 884 750 τοῖς
915 674 992 760 περὶ
1014 673 1051 739 τό
1073 672 1269 759 χρηστήριον.
1302 666 1328 734 οῦ

294 787 453 849 πείθεται
484 782 546 866 γὰρ
579 777 703 856 ὁθεός
726 775 838 863 ὥσπερ
861 778 1100 863 νομοθετοῦντι
1122 779 1170 863 τῷ
1192 773 1328 858 Εῦριπίδη

294 887 349 951 καὶ
372 883 497 965 λέγοντι
529 901 680 954 (Pboou-⁹⁵8)
1340 892 1349 931 ⁸

710 971 852 1051 (Φοῖβον
874 962 1075 1053 ἀνθρώποις
1097 964 1201 1051 μόνον

459 1074 539 1159 χρῆν
561 1071 792 1158 θεσπιῳδεῖν]

295 1191 464 1279 χριόμενος
486 1193 523 1257 δὲ
546 1198 685 1278 θνητοῖς
713 1189 893 1278 ὑπηρέταις
922 1194 978 1257 καί
1005 1194 1210 1280 προφήταις,
1240 1187 1279 1258 ὧν
1295 1189 1334 1274 κή-

297 1299 421 1363 δεσθαι
450 1292 611 1382 προσήκει
646 1298 702 1360 καὶ
735 1297 931 1380 φυλάττειν,
969 1293 1061 1372 ὅπως
1089 1294 1151 1362 ὑπ’
1174 1294 1336 1381 ἀνθρώπων

298 1399 355 1467 οὐκ
378 1398 582 1466 ἀπολοῦνται
606 1403 760 1485 πονηρῶν
775 1403 847 1486 θεῷ
869 1399 1091 1485 λατρεύοντες,
1115 1399 1282 1488 ἀφανίζειν
1293 1397 1337 1483 μὲν
1345 1420 1362 1459 ιι
1417 1426 1419 1458 :

257 1515 281 1563 Ε
301 1502 339 1570 οῦ
362 1505 457 1570 θέλει
480 1505 517 1569 τδ
540 1501 675 1589 ἀληθές,
700 1509 923 1588 παρατρέπων
949 1505 988 1570 δέ
1013 1504 1072 1591 τῆν
1094 1503 1240 1592 δήλωσιν
1260 1501 1337 1570 αῦτοῦ

301 1606 460 1692 καθάπερ
483 1605 587 1692 αῦγῆν
609 1607 645 1673 έν
665 1609 705 1697 τῆ
729 1611 887 1698 ποιητικῆ
915 1608 1042 1685 πολλάς
1064 1607 1260 1684 ἀνακλάσεις
1279 1607 1339 1689 λαμ

301 1712 468 1796 βάνουσαν
484 1713 540 1775 καὶ
562 1710 734 1791 πολλαχοῦ
755 1708 1046 1798 περισχιζομένην,
1069 1710 1193 1802 ἀφήρει
1214 1713 1250 1777 τό
1272 1708 1339 1774 ἀντί-

301 1839 407 1883 τυπον
429 1813 530 1881 αῦτοῦ
561 1817 617 1879 καὶ
649 1812 797 1901 σκληρόν.
842 1811 883 1901 ῆν
915 1816 953 1881 δὲ
986 1813 1080 1901 ἀρ’-ἀ
1112 1816 1168 1880 καὶ
1190 1811 1341 1899 τυράννους

303 1919 462 2006 ἀγνοῆσαι
478 1920 534 1984 καὶ
557 1917 739 2002 πολεμίους
755 1917 867 2004 <έδει>
885 1920 928 2004 μή
944 1923 1218 2002 προαισθέσθαι.
1239 1916 1366 1987 τούτουςν
1418 1938 1420 1947 ⁴

302 2023 361 2091 οῦν
383 2024 582 2111 περιέβαλεν
603 2019 768 2097 ἀπονοίας
798 2022 854 2086 καὶ
882 2020 1104 2107 ἀμφιλογίας,
1135 2022 1275 2106 αίπρδς
1293 2016 1341 2082 ἑτέ-

302 2152 379 2210 ρους
402 2124 678 2212 ἀποκρύπτουσαι
700 2128 738 2191 τὸ
754 2125 972 2212 φραζόμενον,
995 2121 1034 2191 οῦ
1057 2126 1235 2211 διέφευγον
1248 2119 1342 2192 αῦτοῦί

303 2227 380 2298 οῦδὲ
403 2229 646 2317 παρεκρούοντο
668 2230 744 2305 τούς
760 2230 935 2314 δεομένους
950 2228 1006 2294 καὶ
1022 2233 1254 2315 προσέχοντας.
1279 2223 1343 2293 ὅθεν

303 2333 523 2420 εὐηθέστατός
550 2332 680 2399 ἐστινὸ
710 2335 776 2399 τόν
802 2334 1007 2419 πραγμάτων
1035 2331 1154 2418 ἑτέρων
1174 2331 1342 2415 γεγονότων,

303 2441 334 2502 εί
355 2440 469 2524 μηκέτι
491 2438 550 2501 τόν
571 2435 671 2503 αὐτόν
693 2434 773 2523 ῆμίν
795 2435 921 2523 τρόπον
943 2435 1011 2502 ἀλλ’
1034 2441 1144 2521 ἕτερον
1166 2440 1269 2502 οἴεται
1289 2433 1366 2499 δεῖνι

304 2545 446 2626 βοηθεῖν
469 2540 486 2605 ὁ
509 2538 601 2617 θεός,
625 2538 769 2621 ε’γκαλῶν
791 2541 848 2605 καὶ
871 2538 1103 2624 συκοφαντῶν.ι

263 2692 285 2741 F
389 2675 441 2736 27.
465 2670 541 2736 *Ἔτι
563 2676 675 2739 τοίνυν
697 2669 794 2738 οῦδὲν
817 2669 886 2737 ἀπό
910 2674 1084 2755 ποιητικῆς
1099 2672 1186 2758 λόγῳ
1202 2662 1344 2758 χρησιμυλ·

304 2797 396 2861 τερον
429 2772 571 2861 ἀπάρχει
605 2776 663 2840 τοῦ
697 2774 840 2841 δεθέντα
873 2779 1005 2859 μέτροις
1026 2776 1068 2838 τά
1090 2770 1280 2861 φραζόμενα
1304 2762 1345 2833 τοὶ

305 2879 539 2963 συμπλακέντα
580 2877 705 2963 μᾶλλον
746 2877 1018 2964 μνημονεύεσθαι
1060 2881 1117 2942 καί
1158 2878 1346 2964 κρατεῖσθαί·

304 2994 374 3059 τοῖς
396 2984 458 3068 μὲν
480 2981 538 3049 οὖν
560 2980 634 3048 τότε
655 2979 782 3066 πολλήν
804 2981 873 3046 ἔδει
896 2980 1027 3068 μνήμην
1049 2992 1225 3063 παρεῖναι·
1261 2965 1374 3046 πολύλ*ι

306 3089 368 3172 γάρ
391 3086 551 3173 ἐφράζετο
573 3087 630 3149 καὶ
652 3083 766 3152 τόπων
782 3096 905 3171 σημεῖα
926 3085 983 3149 καὶ
1005 3083 1158 3170 πράξεων
1180 3086 1290 3171 καιροὶ
1310 3070 1352 3143 καὶ

308 3195 399 3257 θεῶν
422 3189 494 3276 ἱερά
522 3191 730 3256 διαποντίων
757 3213 813 3253 και
843 3213 957 3274 ηρωων
980 3210 1165 3275 απορρητοι
1187 3192 1292 3276 θῆκαι
1312 3170 1357 3246 καὶ

308 3295 531 3379 δυσεξεύρετοι
560 3294 690 3380 μακράν
720 3291 904 3378 ἀπαίρουσι
932 3298 989 3379 τῆς
1007 3290 1172 3367 Ἑλλάδος.
1217 3297 1288 3359 ἰ’στε
1309 3275 1362 3368 νᾶί

307 3397 363 3464 τόν
391 3404 479 3465 Χίον
512 3400 569 3462 καὶ
602 3397 767 3483 Κρήτινον
799 3397 855 3462 καὶ
887 3399 1069 3483 Γνησίοχον
1102 3398 1159 3461 καί
1182 3393 1367 3463 Φάλανθθῦ

688 3525 1373 3568 mmmmm

395 3647 405 3694 1
427 3638 510 3698 οῦθὲν
521 3645 585 3695 libri
598 3642 607 3711 ή
621 3652 678 3710 post
690 3636 864 3714 πραγμάτων
875 3647 990 3697 lacunam
1003 3644 1124 3709 indicavi,
1141 3643 1253 3696 fortasse
1266 3647 1301 3696 it·
1317 3635 1381 3688 ΒΨ

309 3714 432 3778 piendam:
446 3707 480 3764 οῦ
489 3711 546 3766 τῶν
555 3710 694 3794 τυχόντων
701 3715 748 3765 καί
756 3714 914 3782 πολεμικῶν
926 3702 1147 3795 ἐπιχειρημάτων
1180 3714 1196 3763 3
1203 3696 1385 3782 χρησιήρίσν

308 3783 463 3848 διορύττοντα
481 3779 652 3854 δικαστηριου
709 3783 724 3831 4
742 3783 942 3851 νομοθετοῦντι
958 3784 995 3849 τῷ
1013 3785 1062 3833 Ευ.
1081 3781 1188 3833 Reiske:
1211 3783 1248 3850 τῷ
1264 3779 1310 3834 Εὐ.
1338 3771 1387 3817 W

310 3849 475 3919 μοθετοῦντι
511 3852 525 3901 ί
539 3851 613 3920 χρῆν
630 3851 780 3916 Euripides:
795 3849 853 3919 χρῆ
895 3852 926 3903 14
944 3845 1160 3921 ἀρ’ἀΜεδυίεε
1178 3845 1233 3920 ἀρα
1266 3852 1295 3904 15
1316 3826 1390 3894 ἔδει

311 3927 368 3985 post
397 3916 439 3989 ἀρ’
468 3913 485 3970 ά
511 3920 592 3986 suppl.
616 3920 720 3983 Madvig
788 3921 819 3970 22
838 3915 921 3974 οὐθὲν
948 3920 1019 3971 codd.
1091 3919 1123 3970 25
1141 3919 1193 3972 ἔδει
1221 3920 1303 3971 Βεείί.ι
1348 3893 1391 3980 ,μ’

311 3988 342 4038 28
360 3984 469 4058 μακρὰν
487 3988 670 4040 Bernnrdakis:
687 3987 794 4058 μακρὸν
813 3985 821 4055 ήΙ
840 3989 895 4040 ἴστε
912 3985 966 4058 γὰρ
984 3984 1032 4039 τὸν
1050 3984 1108 4050 (τὸν
1127 3989 1221 4053 legitur
1238 3989 1264 4038 in
1283 3955 1392 4038 Βοθὼλ

310 4055 416 4107 Reiske:
435 4056 473 4113 εἰς
490 4054 543 4128 γάρ
560 4054 591 4107 τὸ
645 4057 676 4108 29
695 4058 740 4108 καλ
761 4061 912 4125 Ινησίοχον
930 4057 1034 4139 scripsi:
1053 4057 1114 4108 καὶ.
1128 4094 1134 4107 .
1146 4051 1260 4126 νήσιχον
1277 4058 1351 4119 (m.

312 4125 375 4187 litt.)
395 4124 426 4174 E:
449 4142 501 4174 κα.
521 4162 526 4173 .
549 4121 665 4192 νήσιχον
682 4127 742 4187 (lac.
763 4127 777 4176 2
797 4127 861 4190 litt.)
881 4126 921 4194 ΒΙή
945 4127 1093 4180 Φάλανθον
1114 4127 1190 4178 Βεείλ.
1211 4102 1394 4177 ‘mmm'
