2842 4724
289 280 331 357 96
701 285 751 342 οε
769 285 944 340 οεεεονο
1285 310 1353 360 ,τι

288 467 377 556 αύτῷ
400 462 537 552 σελήνην
552 464 669 547 ἔχοντα
683 463 841 547 καθάπερ
858 462 1043 549 ἄνθρωπον
1058 463 1095 530 έν
1109 475 1183 541 ταῖς
1197 470 1353 552 πτέρναις

287 572 345 638 τὸν
367 567 549 657 ἐγκέφαλον
570 571 738 654 φοροῦντα
760 569 817 633 καὶ
838 568 898 655 την
919 567 1061 652 καρδίαν
1087 568 1123 635 ἓν
1143 580 1216 646 τοῖς
1239 572 1354 656 κροτά-

288 699 376 762 φοις.
421 675 457 739 τδ
481 674 519 739 δὲ
541 673 700 748 πλείονας
722 673 903 748 ποιοῦντας
922 673 1023 755 χωρὶς
1045 669 1196 759 ἀλλήλων
1212 671 1353 760 κόσμους

289 775 358 863 ἅμα
379 789 450 853 τοῖς
473 775 565 853 ὅλοις
586 778 725 862 τὰμέρη
741 774 977 861 συναφορίζειν
992 777 1048 840 καὶ
1072 776 1282 864 συνδιαιρεῖν
1297 777 1352 844 οῦκ

247 882 429 948 θάτοπον·
451 879 472 967 ἦ
494 882 556 967 γὰρ
587 880 623 946 ἓν
654 878 780 967 ἑκάστῳ
808 882 848 967 γῆ
875 886 931 944 καί
953 878 1115 945 θάλασσα
1136 884 1193 945 καὶ
1217 879 1373 967 οῦρανόςι

287 991 434 1052 κείσεται
457 982 665 1071 κατὰφύσιν
688 981 731 1060 οἷς
754 983 928 1070 προσήκει,
956 985 994 1050 τό
1027 1010 1063 1050 τε
1090 983 1159 1051 ἀνω
1187 986 1246 1050 καὶ
1268 986 1351 1051 κάτω

287 1091 343 1155 καὶ
366 1087 471 1172 κύκλῳ
500 1089 555 1153 καὶ
584 1091 686 1173 μέσον
715 1084 752 1153 ού
775 1087 860 1172 πρός
882 1086 984 1154 ἄλλον
1007 1077 1083 1154 τύδ’
1106 1084 1198 1165 ῦκτός
1222 1085 1298 1155 ἀλλ’
1320 1090 1351 1158 ἓν

287 1193 393 1279 ἑαυτῷ
415 1194 471 1257 καὶ
494 1193 579 1277 πρός
601 1190 717 1257 ἑαυτόν
739 1191 807 1272 ἔχει
829 1193 895 1257 τιῦν
917 1190 1051 1277 κόσμων
1073 1194 1230 1270 ἕκαστος]

372 1297 423 1360 28.
457 1293 527 1360 ιὋν
548 1295 686 1380 μὲνγὰρ
708 1293 770 1370 ἔξω
786 1297 844 1360 τοῦ
860 1294 986 1381 κόσμου
1008 1297 1110 1362 λίθον
1131 1294 1350 1364 ὑποτίθενταί

286 1424 373 1477 τινες
396 1398 469 1466 οὔτε
492 1401 593 1484 μονῆς
614 1396 766 1485 εὐπόρως
787 1403 925 1484 παρέχει
948 1400 1066 1484 νόησιν
1088 1395 1166 1464 οῦδὲ
1188 1397 1348 1488 κινήσεως.
1359 1429 1379 1468 ιι

288 1506 360 1580 πῶς
380 1503 442 1590 γὰρ
460 1501 478 1588 ἢ
493 1513 586 1587 μενεῖ
608 1498 711 1586 βάρος
727 1501 809 1583 ἔχων
824 1501 845 1588 ἢ
859 1500 1027 1588 κινήσεται
1044 1503 1128 1589 πρὸς
1142 1505 1201 1569 τὸν
1216 1505 1348 1590 κόσμον,

288 1605 399 1694 ὥσπερ
420 1608 462 1672 τὰ
484 1606 590 1673 λοιπά
613 1602 709 1692 βάρη,
731 1604 814 1691 μήτε
835 1609 934 1692 μέρος
957 1605 1002 1673 ἀν
1024 1604 1126 1674 αῦτοῦ
1141 1606 1224 1693 μήτε
1239 1628 1349 1675 συντε-

287 1714 447 1796 ταγμένος
469 1712 517 1787 είς
539 1710 598 1795 την
614 1707 732 1775 οῦσίαν
740 1739 751 1789 ,·
774 1713 834 1795 γῆν
849 1710 884 1775 δ’
907 1709 943 1776 έν
958 1709 1055 1797 ἑτέρῳ
1071 1709 1184 1799 κόσμῳ
1200 1736 1349 1795 περιεχο-

288 1819 389 1901 μένην
421 1814 479 1879 καὶ
512 1811 750 1899 συνδεδεμένην
783 1812 841 1878 οῦκ
875 1813 942 1878 ἔδει
973 1814 1153 1901 διαπορεῖν
1179 1813 1274 1894 ὅπως
1297 1814 1348 1883 οῦκ

288 1917 435 1984 ἐνταῦθα
457 1927 641 2003 μεταχωρεῖ
663 1915 722 1981 διά
736 1914 839 2002 βάρος
861 1913 1101 2002 ἀπορραγεῖσα,
1124 1919 1169 1984 δι’
1192 1918 1274 1987 ὅλου
1296 1923 1375 2007 τηου

242 2040 268 2091 D
290 2020 394 2109 φύσιν
416 2020 560 2108 όριῦντας
579 2021 637 2085 καὶ
658 2021 717 2086 τόν
730 2020 827 2086 τόνον
848 2018 905 2107 ἀφ’
927 2014 966 2086 ού
981 2027 1150 2105 συνέχεται
1165 2026 1232 2091 τῶν
1247 2028 1348 2111 μερῶν

287 2131 434 2192 ἕκαστον.
479 2124 554 2190 ἐπεὶ
576 2125 621 2210 μη
645 2123 729 2209 πρός
751 2125 809 2189 τὸν
830 2124 956 2210 κόσμον
977 2122 1051 2190 ἀλλ’
1077 2126 1169 2202 ἐκτός
1191 2125 1295 2194 αῦτοῦ
1314 2129 1347 2194 τό

287 2227 374 2296 κάτω
406 2229 462 2295 καὶ
495 2227 562 2294 ἀνω
592 2226 828 2312 λαμβάνοντες,
864 2227 900 2294 έν
930 2240 1005 2305 ταῖς
1038 2227 1156 2307 αῦταῖς
1193 2228 1347 2317 ἀπορίαις

282 2332 468 2419 Ἐπικούρῳ
491 2330 702 2418 γενησόμεθα
724 2333 871 2398 κινοῦντι
892 2333 951 2409 τὰς
978 2332 1121 2418 ἀτόμους
1147 2333 1285 2413 ἀνιάσας
1306 2339 1346 2412 είς

287 2439 363 2513 τοῦς
384 2433 451 2504 ύπό
476 2435 585 2512 πόδας
606 2431 743 2515 τόπους,
767 2431 881 2523 οἵσπερ
905 2435 997 2522 ἢτοῦ
1011 2442 1107 2504 κενοῦ
1129 2439 1241 2517 πόδας
1263 2441 1379 2523 ἔχον-ιι

287 2565 343 2618 τος
364 2539 385 2628 ἢ
406 2541 464 2627 τῆς
486 2535 643 2623 ἀπειρίας
664 2540 701 2606 ἓν
722 2538 806 2631 αύτῇ
828 2541 916 2606 κάτω
937 2565 973 2606 τε
995 2542 1051 2606 καὶ
1078 2541 1146 2609 ἀνω
1170 2545 1348 2631 διανοησαι

288 2643 455 2730 διδούσης.
500 2644 555 2709 διό
579 2644 636 2708 καὶ
659 2643 866 2730 Χρύσιππον
894 2645 964 2711 ἔστι
994 2642 1192 2732 θαυμάζειν,
1226 2649 1349 2734 μᾶλλον

287 2750 325 2815 δέ
347 2746 431 2826 ὅλως
453 2750 644 2833 διαπορεῖν,
668 2746 688 2813 ὅ
708 2775 741 2814 τι
764 2750 805 2836 δη
829 2750 955 2816 παθών
976 2751 1034 2817 τόν
1056 2749 1181 2837 κόσμον
1203 2751 1349 2842 ἐνμέσῳ

287 2851 391 2941 φησὶν
414 2851 586 2938 ἱδρῦσθαι,
616 2854 673 2917 καὶ
700 2854 759 2938 την
782 2851 900 2920 οῦσίαν
921 2851 1023 2921 αῦτοῦ
1043 2855 1101 2922 τὸν
1121 2854 1226 2942 μέσον
1247 2854 1350 2925 τόπον

287 2956 405 3033 ἀιδίως
438 2960 679 3045 κατειληφυῖαν
712 2956 771 3040 οῦχ
803 2953 924 3043 ἥκιστα
955 2953 1063 3044 τούτῳ
1093 2973 1264 3046 συνεργεῖν
1293 2964 1376 3028 κολα

244 3077 269 3128 E
289 3062 374 3146 πρὸς
395 3063 453 3147 τὴν
476 3063 640 3149 διαμονὴν
662 3063 719 3126 καὶ
742 3059 846 3127 οἱονεὶ
868 3059 1079 3148 ἀφθαρσίαν.
1115 3066 1210 3130 ταυτὶ
1233 3067 1296 3151 γάρ
1317 3066 1349 3132 έν

285 3168 332 3249 τῷ
353 3163 495 3252 τετάρτῳ
518 3167 596 3250 περὶ
622 3167 781 3230 Δυνατῶν
806 3163 908 3245 λέγει,
935 3168 1038 3250 μέσον
1064 3170 1185 3233 τετοῦ
1211 3166 1347 3255 ἀπείρου

285 3267 393 3335 τόπον
415 3266 474 3335 οῦκ
495 3268 607 3355 δρθιῦς
623 3268 826 3354 ὀνειρώττων
841 3267 1054 3355 ἀτοπώτερον
1068 3296 1104 3336 τε
1117 3273 1174 3358 τῆς
1188 3273 1348 3360 διαμονῆς

285 3376 345 3439 τοῦ
367 3369 494 3460 κόσμου
516 3378 561 3460 τῷ
595 3372 791 3458 ἀνυπάρκτῳ
819 3376 910 3459 μέσῳ
939 3375 998 3460 την
1023 3377 1137 3442 αῖτίαν
1157 3375 1348 3453 ῦποτιθείς·

286 3479 467 3543 καὶταῦτα
500 3478 662 3554 πολλάκις
684 3479 820 3562 εἰρηκώς
847 3477 883 3543 έν
905 3477 1029 3563 ἑτέροις
1062 3477 1115 3544 ὅτι
1140 3493 1216 3557 ταῖς
1244 3484 1292 3558 είς
1312 3480 1376 3545 τόν

1071 3665 1346 3681 mmmmm

371 3791 387 3844 8
412 3789 529 3845 ἕκαστον
554 3791 628 3842 θεοῦ.
716 3791 747 3842 10
772 3783 868 3854 ὄνησιν
894 3788 914 3840 F
943 3787 954 3854 ΙΙ
983 3782 1046 3843 οῦδὲ
1071 3806 1123 3843 ιιιν.
1145 3789 1251 3843 nuath.
1266 3792 1346 3843 λαιόν.

286 3856 347 3913 οὔτε
370 3877 423 3914 ειν.
450 3862 508 3912 rell.
581 3861 608 3912 ll
638 3859 662 3911 εί
687 3860 766 3927 μενεῖ
785 3858 891 3908 nauh
965 3860 995 3910 13
1020 3855 1074 3927 γὴν
1094 3860 1174 3911 Τοιιι.
1191 3861 1278 3913 νεῖαι
1303 3854 1347 3927 τὴν

287 3929 319 3979 15
347 3929 382 3981 δι’
411 3925 491 3992 ὅλου]
520 3930 557 3981 itu
584 3927 697 3979 unuh.
741 3927 790 3977 τοῦ
819 3921 882 3978 ὅλου
910 3927 969 3980 τελλ.
1056 3929 1088 3982 21
1118 3924 1187 4000 αὐτῇ
1214 3920 1286 3981 κάτω
1313 3944 1344 3982 τε.

285 3995 406 4068 Explicit
425 3997 445 4052 Ι)
463 3998 548 4068 (teste
567 3996 670 4064 Κυσίυ)
739 4003 771 4053 25
797 3999 883 4071 τούτῳ
904 4004 983 4057 Turn.
996 4005 1071 4058 Vale.
1100 4005 1111 4074 Ι
1140 4010 1280 4075 συνεργεῖν
1304 4005 1345 4058 καί

285 4069 487 4138 (συνεργεῖσθαι
508 4069 604 4139 Wytt)
625 4072 719 4156 ετοίριί
740 4071 782 4136 (cf.
804 4073 882 4125 verba
903 4075 957 4142 ipsu
978 4075 1113 4144 Chrysippi
1133 4077 1214 4129 citata
1238 4075 1345 4140 1054ομ

286 4141 479 4209 συνείργεσθαι
495 4139 556 4191 libri
621 4138 653 4190 29
673 4143 787 4200 υποθεὶς
805 4141 877 4194 Beth.
889 4144 974 4196 Αιιιίιι.
988 4145 1009 4196 Ε
