2842 4724
61 322 137 373 pm
511 303 693 354 οαευυτιε
839 314 841 319 ·
1092 308 1133 370 53

60 491 227 565 χρησμοῖς
249 483 402 563 ποίησιν,
427 475 465 542 οά
488 477 591 561 μόνον
607 475 649 553 ἀς
665 475 954 562 ἀντιπράττουσαν
968 483 1006 570 τῇ
1023 480 1135 568 νοήσει

62 583 152 669 πρός
185 582 222 648 τό
253 579 380 668 ἀληθὲς
410 579 580 666 ἀσάφειάν
606 605 641 645 τε
668 582 726 645 καί
754 581 852 646 σκιάν
872 584 919 669 τῷ
942 583 1136 671 φραζομένῳ

61 686 284 773 μιγνύουσαν,
302 684 386 751 ἀλλὰ
397 683 458 772 ἤδη
475 685 531 748 καὶ
547 685 606 761 τάς
620 684 812 770 μεταφοράς
827 685 884 749 καὶ
898 686 940 749 τά
954 689 1136 772 αἰνίγματα

61 792 122 856 καί
155 790 214 866 τάς
248 787 467 876 ἀμφιβολίας,
502 784 614 872 ὥσπερ
641 789 763 872 μυχοὺς
790 789 846 853 καὶ
869 791 1061 875 καταφυγὰς
1082 790 1177 857 έν-Β

29 893 211 960 εδόεσθαι
244 897 301 957 καί
334 890 518 976 ἀναχωρεῖν
550 892 596 977 τῷ
627 894 783 957 πταίοντι
817 897 1048 978 πεποιημένας
1078 895 1135 982 τῆς

61 999 236 1083 μαντικῆς,
270 993 477 1082 ἀφαιροῖντο.
523 994 657 1060 πολλάν
683 993 722 1060 δὲ
744 992 784 1080 ἦν
805 992 938 1061 ἀκούειν
961 992 1012 1061 ότι
1036 1021 1134 1084 ποιη-

61 1105 152 1166 τικοί
174 1123 260 1176 τινες
283 1098 400 1183 ἀνδρες
422 1097 629 1181 ἐκδεχόμενοι
651 1097 710 1174 τάς
732 1101 846 1184 φωνάς
865 1099 922 1163 καί
938 1097 1135 1185 ἀπολαμβά-

61 1229 174 1280 νοντες
197 1202 424 1289 ἐπικάθηνται
449 1202 527 1288 περὶ
549 1203 586 1267 τό
610 1200 818 1288 χρηστήριον,
854 1202 917 1287 ἔπη
949 1204 1005 1267 καί
1032 1206 1135 1290 μέτρα

61 1309 121 1374 καὶ
153 1307 304 1394 ῥυθμοὺς
332 1305 405 1372 οἷον
432 1305 553 1386 ἀγγεῖα
574 1316 646 1380 τοῖς
666 1316 827 1391 χρησμοῖς
850 1305 886 1371 ἐκ
907 1308 967 1371 τοι]
989 1323 1135 1392 προστυ-

21 1410 183 1494 τυχόντος
232 1410 497 1496 περιπλέκοντες.
558 1406 791 1494 Ὀνομάκριτοι
835 1410 869 1474 δ’
914 1409 1035 1475 ἐκείνοι
1079 1410 1135 1474 καί

61 1520 87 1598 1·
111 1509 324 1601 προδόταιί·
357 1513 413 1578 καὶ
444 1515 655 1588 Κιναίθωνες
688 1510 770 1598 ὅσην
807 1514 921 1579 αἰτίαν
959 1515 1134 1599 ἠνέγκαντο

61 1620 126 1684 τῶν
147 1616 316 1704 χρησμῶν,
340 1614 384 1692 τός
405 1616 594 1701 τραγῳδίαν
616 1613 730 1691 αὐτοῖς
753 1617 809 1680 καί
831 1614 931 1697 ὄγκον
946 1614 1044 1682 οὐδὲν
1059 1617 1134 1682 δεο-

61 1727 176 1807 μένοις
209 1723 427 1806 προσθέντες,
461 1719 504 1785 έά
533 1717 642 1800 λέγειν
667 1715 748 1786 οόδέ
770 1723 953 1805 προσίεμαι
975 1721 1034 1796 τὰς
1056 1721 1134 1786 δια-

60 1824 175 1911 βολάς.
213 1824 370 1910 πλείστης
396 1827 510 1910 μέντοι
533 1823 711 1908 ποιητικὴν
733 1821 913 1907 ἀνέπλησεν
936 1820 1075 1899 ἀδοξίας
1095 1823 1174 1892 τόο

23 1929 240 2016 τιάγυρτικόν
265 1929 322 1993 καί
351 1925 511 2012 ἀγοραῖον
532 1927 588 1990 καὶ
611 1928 690 2010 περὶ
711 1925 753 1990 τά
778 1927 928 2012 Μητρηία
950 1928 1007 1990 καί
1030 1924 1132 2013 Σερά·

61 2057 145 2101 πεια
166 2032 384 2117 βωμολοχοῦν
404 2032 461 2094 καί
484 2029 701 2112 πλανώμενον
723 2033 828 2110 γένος,
852 2027 885 2094 σί
908 2030 969 2114 μὲν
984 2027 1133 2096 αὐτόθεν

61 2135 95 2203 σί
118 2137 157 2202 δὲ
179 2136 262 2200 κατά
284 2135 403 2221 κλῆρον
418 2133 453 2199 ἔκ
467 2157 568 2200 τινων
581 2137 817 2220 γραμματείων
831 2134 996 2220 χρησμούς
1011 2138 1132 2219 περαί-

60 2264 173 2316 νοντες
201 2241 345 2315 οἰκέταις
373 2239 430 2303 καί
456 2241 607 2319 γυναίοις
628 2235 696 2304 ἀπό
718 2239 786 2303 τάν
807 2240 935 2323 μέτρων
957 2235 1132 2322 ἀγομένοις

61 2343 210 2429 μάλιστα
242 2344 297 2407 καὶ
328 2342 388 2408 τοῦ
421 2342 598 2426 ποιητικοῦ
619 2342 693 2425 ζτοίν
726 2338 911 2427 ὀνομάτων·
953 2338 1037 2409 ὅθεν
1073 2339 1133 2424 οάχ

25 2445 180 2535 ιοῆκιστα
202 2446 360 2532 ποιητικὴ
384 2443 529 2511 δοκοῦσα
550 2439 664 2531 κοινὴν
686 2444 888 2532 ἐμπαρέχειν
909 2445 1028 2532 ἑαυτὴν
1042 2444 1132 2511 ἀπα-

60 2552 160 2616 τεῶσι
188 2549 245 2614 καί
266 2548 386 2635 γόησιν
407 2546 605 2634 ἀνθρώποις
627 2549 682 2613 καὶ
704 2549 974 2634 ψευδομάντεσιν
996 2549 1132 2624 ἐξέπεσε

59 2657 116 2742 τῆς
138 2651 303 2740 ἀληθείας
325 2653 382 2717 καί
404 2653 464 2719 cvii
484 2653 665 2738 τρίποδος]

145 2787 198 2850 26.
233 2781 294 2849 ‘oi
326 2786 439 2849 τοίνυν
472 2781 685 2868 θαυμάσαιμ’
717 2781 771 2861 ἀν,
807 2784 838 2847 εί
871 2781 1013 2869 διπλόης
1041 2784 1131 2859 τινός

59 2889 129 2955 ἔδει
163 2888 220 2953 καί
250 2889 458 2973 περιαγωγῆς
489 2886 545 2951 καί
578 2880 747 2973 ἀσαφείας
780 2887 870 2954 ἔστιν
895 2885 951 2953 ὅτε
971 2900 1043 2965 τοῖς
1064 2912 1130 2954 πα-

23 2993 180 3067 ιιλαιοῖς.
224 2988 264 3057 οδ
293 2991 356 3075 γὰρ
389 2988 408 3056 ἀ
442 2990 538 3056 δεῖνα
570 2990 618 3075 μά
641 2995 712 3056 Δία
742 2994 917 3074 κατέβαινε
947 2992 1025 3076 περὶ
1048 2989 1130 3079 ἀνῆς
1149 3007 1174 3055 Ι)

59 3094 276 3182 ἀνδραπόδου
297 3091 498 3180 χρησόμενος
520 3091 599 3160 οὐδὲ
614 3092 634 3161 δ
649 3094 743 3160 δεῖνα
758 3095 838 3182 περὶ
853 3094 1021 3181 ἐργασίας,
1045 3093 1130 3161 ἀλλά

58 3200 176 3276 πόλεις
197 3202 283 3283 μέγα
305 3195 487 3283 δυνάμεναι
509 3198 567 3263 καί
585 3198 739 3283 βασιλεῖς
754 3199 811 3262 καί
826 3196 980 3284 τόραννοι
996 3201 1131 3283 μέτριον

144 3429 162 3480 5
177 3427 368 3498 πεποιημένας
379 3426 516 3480 Μοτίτίιοτ
528 3428 705 3510 πεποηημένα
751 3428 767 3479 8
784 3419 970 3491 ἐπικάθηνται
981 3427 1129 3495 Emporias:

57 3514 96 3568 ἔτι
113 3507 252 3578 κάθηνται
311 3514 340 3566 11
360 3507 504 3584 προδόται]
522 3508 659 3594 προδόται
675 3515 705 3565 Ε.
743 3513 792 3565 Vel
807 3510 966 3584 Ἡρόδωροι
984 3517 1057 3581 (quod
1076 3530 1129 3566 ma-

58 3584 116 3647 lim)
134 3599 191 3635 cum
210 3582 315 3634 Roiskio
341 3585 503 3635 scribendum
532 3586 574 3636 vol
592 3585 722 3654 προδικοι
740 3599 796 3633 cum
814 3583 936 3634 Botzonio
958 3582 1014 3648 (Qu.
1031 3584 1128 3636 Mimet.

58 3648 254 3717 Βωλ185ῖλίί
277 3655 451 3709 Κιναίθωνες
476 3654 572 3704 Βοττοο
599 3654 689 3705 Cobet:
716 3654 857 3709 κινέσωνες
942 3653 972 3702 12
998 3650 1045 3703 ἐπὶ
1074 3653 1130 3705 τῶν

56 3721 192 3790 χρησμῶν
201 3718 296 3796 δείελα
309 3719 318 3788 ΙΙ
331 3716 414 3774 οὐθὲν.
431 3721 495 3772 libri
548 3721 576 3774 13
596 3726 750 3790 προσίεμαι
761 3718 810 3777 τάς
820 3710 960 3786 διαβολάς]
980 3723 1129 3791 προσεῖναι

56 3788 351 3910 ’ὰςίῖἔίίίίίςλίῖί
370 3789 739 3910 δίίίίθὲίέὠῗεὲίάλίίῗί
750 3789 1129 3910 {iiiimit‘issssi'dirimi}

57 3874 182 3994 ειτάἰμῑιιω
201 3933 319 3980 exstaret
337 3920 406 3993 ὅσην
423 3875 691 3998 αίάίαηῆνέγάαντά
704 3930 761 3979 τῶν
774 3927 908 3999 χρησμῶν
924 3927 973 3992 τῆς
992 3897 1128 3993 διαβολῆς,

56 3991 239 4061 ἀς-προσδέ
248 4011 315 4061 ντες,
333 3995 370 4049 ἐῶ
387 3987 462 4050 λόειν
480 3999 521 4056 οἱς
538 3988 672 4068 προσήκει
691 3997 864 4061 intelligerem
935 3998 967 4051 14
984 3993 1129 4062 ποιητικὴν

57 4064 206 4117 Turnebus:
247 4064 389 4131 ποιητικῆς
457 4067 487 4117 17
510 4069 708 4136 γραμματείων
737 4067 918 4120 Bernardakis:
946 4069 1128 4138 γραμματίων

58 4135 91 4186 20
109 4134 247 4201 ποιητικὴ]
266 4130 283 4201 ἡ
302 4134 428 4201 ποιητικὴ
447 4135 538 4188 iioisko
605 4136 638 4186 25
657 4138 797 4201 κατέβαινε
814 4131 855 4204 μά
875 4134 921 4186 δία
939 4137 957 4186 Β
