2842 4724
287 320 332 386 34
701 319 752 371 οε
770 317 945 373 varnero
1291 339 1357 390 pao

288 496 344 560 καὶ
377 493 493 580 ὁράσει
526 494 564 561 τδ
599 493 767 582 σφ’ζεσθαι
803 496 859 561 καὶ
892 497 1064 581 διαμένειν
1098 496 1207 564 πολδν
1239 496 1357 581 χρόνον

288 600 430 681 ἔχοντας,
453 598 745 676 δυσκολαίνοντες*

372 734 422 794 20.
454 729 638 817 Ῥηθέντων
660 731 698 795 δὲ
720 728 845 796 τούτων
867 728 1129 798 δΑΜΜΩΝΙΟΣ
1146 728 1281 818 ‘doricis’
1296 732 1354 818 ἔφη

287 844 354 917 6μοι
389 834 482 899 δοκεῖ
515 833 731 920 Θεόφραστος
769 831 1033 920 ἀποφήνασθαι·
1068 840 1101 899 τί
1137 835 1201 922 γάρ
1239 834 1353 901 κωλύει

287 949 412 1023 φωνεῖν
434 947 539 1022 ‘patos
554 936 837 1024 φιλοσοφωτάτη’;
859 937 916 1000 καὶ
936 938 998 1021 γὰρ
1021 935 1229 1023 ἀθετουμένη
1248 939 1377 1004 πολλάε

285 1044 350 1106 τῶν
370 1040 593 1123 ἐνδεχομένων
617 1038 866 1126 ἀποδειχθῆναι
888 1040 926 1104 δὲ
941 1042 983 1126 μη
1002 1041 1195 1125 δυναμένων
1212 1039 1353 1128 ἀναιρεῖ,

286 1146 342 1208 καὶ
379 1140 539 1230 τιθεμένη
578 1144 689 1209 πολλοὶ
726 1141 960 1230 συνεφέλκεται
996 1146 1061 1210 τῶν
1093 1142 1269 1210 ἀδυνάτων
1302 1147 1353 1210 καὶ

285 1246 511 1331 ἀνυπάρκτων.
556 1246 574 1313 δ
603 1252 716 1331 μέντοι
744 1245 846 1331 μόνον
873 1246 1000 1332 ἀκήκοα
1028 1250 1093 1313 τῶν
1116 1245 1353 1333 Ἐπικουρείων

286 1350 449 1431 λεγόντων
472 1352 554 1436 πρδς
575 1353 651 1426 τους
673 1354 909 1436 εἰσαγομένους
923 1347 991 1416 ἀπὸ
1001 1348 1265 1435 Ἐμπεδοκλέους
1280 1354 1351 1417 δαί-

286 1477 398 1538 μονας,
433 1453 476 1531 ἀς
504 1452 541 1520 οὗ
571 1456 712 1522 δυνατὸν
739 1459 826 1521 εἶναι
850 1454 997 1542 φαύλους
1020 1456 1076 1520 καὶ
1098 1453 1381 1542 cipaprprcxoric,10

241 1575 267 1626 D
287 1556 384 1633 ὄντας
413 1563 595 1644 μακαρίους
622 1560 677 1623 καί
700 1563 925 1644 μακραίωνας,
960 1557 1088 1645 πολλὴν
1111 1560 1211 1645 <την>
1235 1560 1352 1644 τυφλό-

286 1686 369 1746 τητα
389 1664 445 1739 τοῖς
468 1667 584 1738 κακίας
606 1662 742 1748 ε’χοάσης
764 1663 820 1727 καὶ
842 1664 879 1728 τὸ
903 1664 1151 1748 περιπτωτικὸν
1172 1676 1244 1741 τοῖς
1260 1662 1351 1730 ἀναι-

287 1778 440 1852 ρετικοῖς,
477 1765 597 1852 εὔηθές
630 1767 729 1832 ἐστιν.
776 1763 859 1831 οὕτω
882 1767 945 1852 γάρ
964 1764 1159 1853 Ἐπίκουρός
1181 1793 1217 1832 τε
1238 1773 1352 1853 χείρων

288 1875 430 1954 Γοργίου
453 1883 609 1955 φανεῖται
624 1871 684 1935 τοῦ
700 1871 863 1957 σοφιστοῦ
879 1868 935 1935 καὶ
953 1870 1179 1956 Μητρόδωρος
1190 1869 1352 1948 Ἀλέξιδος

285 1976 344 2039 τοῦ
377 1976 634 2062 κωμῳδοποιοῦ.
678 1972 861 2039 διπλάσιον
887 1974 949 2060 γάρ
978 1969 1072 2052 οὗτος
1101 1973 1197 2060 ἔζησε
1222 1981 1380 2061 Μητρο-ιε

286 2076 408 2162 δώρου,
444 2078 540 2164 (τοῦ)
564 2077 760 2164 Ἐπικούρου
787 2078 820 2142 δ’
848 2077 973 2154 ἐκεῖνος
1001 2079 1105 2145 πλέον
1131 2077 1151 2164 ἢ
1174 2079 1349 2165 ἐπίτριτον.

287 2180 391 2257 ἄλλως
418 2184 480 2266 γὰρ
511 2182 645 2267 ἰσχυρὸν
674 2179 792 2268 ἀρετήν
818 2183 873 2246 καὶ
900 2187 1019 2249 κακίαν
1041 2181 1183 2259 ἀσθενὲς
1204 2182 1348 2270 λέγομεν,

287 2282 323 2349 οὗ
351 2285 434 2369 πρδς
461 2285 626 2371 διαμονὴν
648 2284 705 2349 καὶ
726 2284 882 2351 διάλυσιν
905 2283 1071 2370 σωματος·
1105 2286 1181 2352 ἐπεὶ
1207 2290 1265 2352 καὶ
1291 2290 1349 2354 τοῖν

373 2715 385 2765 1
413 2713 459 2763 καὶ
485 2708 579 2783 ὁράσει
605 2711 636 2766 τὸ
662 2716 768 2782 scripsi:
798 2715 844 2766 καὶ
869 2710 913 2767 ἀεὶ
938 2712 970 2766 τὸ
992 2716 1065 2768 Bari).
1105 2717 1218 2768 καὶ...
1237 2715 1270 2768 τὸ
1297 2733 1348 2769 cum

286 2781 375 2832 lacuna
396 2783 448 2832 6-t
462 2782 515 2833 litt.
525 2784 557 2835 V.
587 2785 634 2835 καὶ
651 2781 681 2836 τὸ
700 2786 756 2836 sinc
768 2785 816 2835 lac.
830 2784 888 2834 roll.
902 2792 1008 2852 excepto
1021 2785 1107 2836 Ambr.
1121 2785 1163 2852 qui
1181 2787 1228 2837 καὶ
1247 2787 1348 2838 omittit.

286 2851 364 2901 Volui
387 2851 540 2916 scripturam
558 2868 621 2918 quac
643 2852 728 2905 fuerat
749 2854 776 2903 in
799 2853 903 2918 antiquo
927 2855 1026 2916 codice,
1049 2855 1173 2904 communi
1197 2855 1348 2906 codicumV

286 2927 312 2969 et
340 2920 413 2969 Barb.
444 2917 526 2984 fonte,
560 2923 683 2974 inveniro.
731 2921 793 2972 Post
826 2917 920 2989 ὁράσει
954 2923 1071 2974 desidero
1103 2925 1267 2992 χρωμένους
1299 2925 1348 2976 καὶ.

285 2988 334 3039 Sed
354 2989 456 3054 potiora
474 2998 569 3054 essent,
596 2991 619 3041 si
645 2991 717 3041 modo
742 2991 842 3055 liceret,
873 2987 922 3041 οὐκ
944 2984 1085 3059 ἐμψύχους
1105 2983 1195 3059 μόνον
1217 2989 1286 3045 ἀλλά
1307 2993 1349 3043 καί

285 3057 394 3123 λογίους
413 3060 459 3108 καὶ
481 3054 638 3127 δξυδέρκεις,
665 3056 696 3110 ιδ
714 3061 767 3110 κτλ.
837 3060 852 3108 2
880 3056 1099 3116 δυσκολαίνοντες
1117 3059 1264 3125 Emporias:
1292 3077 1349 3116 -τας

285 3126 345 3175 iibri
402 3126 419 3179 5
438 3131 539 3193 φωνεῖν
556 3130 643 3197 (χαῖρε
661 3125 877 3209 φιλοσοφωτάτη
895 3129 943 3189 (sc.
957 3121 1022 3185 δόξα
1041 3130 1084 3180 vol
1102 3129 1182 3192 sim.):
1202 3131 1240 3180 ita
1258 3130 1348 3196 scripsi

284 3195 383 3254 (nescio
401 3211 433 3246 an
451 3198 531 3258 magis
550 3199 650 3262 placcat
663 3199 750 3265 φίλων
763 3200 932 3265 acepsimam:
956 3195 1050 3266 φωνὴν
1061 3197 1108 3248 καὶ
1121 3193 1349 3266 φιλοσοφωτάτην

285 3263 319 3313 V1
331 3263 404 3314 Barb.
441 3260 537 3329 φωνὴν
560 3264 691 3324 δέξασθαι
714 3261 818 3331 σεμνὴν
839 3266 885 3317 καὶ
904 3281 933 3348 φ.
953 3267 1042 3316 ceteri.
1078 3265 1276 3332 interpolatoris
1294 3274 1349 3319 suot

284 3333 346 3382 hacc
359 3332 388 3380 de
401 3335 542 3385 sentcntiae
556 3350 622 3384 nexu
635 3336 700 3385 nihil
713 3335 863 3397 cogitantis3
882 3332 947 3392 δοξα
965 3336 1031 3386 enim
1050 3330 1189 3386 ἀθετεῖται
1202 3352 1249 3386 non
1264 3328 1348 3403 φωνή.

284 3400 377 3451 Nescio
401 3417 431 3451 an
457 3404 540 3453 omnia
563 3419 641 3469 usquo
664 3405 694 3452 ad
719 3392 811 3455 ἀνυπά
828 3417 898 3454 κτων
920 3401 1094 3469 Theophrasto
1122 3404 1275 3456 vindicanda
1298 3406 1349 3455 sint

287 3472 317 3520 10
335 3468 459 3521 δυνατῶν
478 3471 510 3521 V1
523 3473 596 3522 Barb.
627 3470 635 3538 ii
666 3470 782 3524 δυνατὸν
798 3420 877 3533 sivae]
895 3469 918 3521 δ.
933 3470 988 3523 ἐστι
1006 3471 1168 3523 BV³APot
1199 3471 1209 3540 ΙΙ
1237 3466 1350 3541 ἀμαρυ-

283 3535 346 3594 κούς
359 3537 399 3589 V¹.
431 3535 608 3608 ἁμαρτωλοὺς
625 3540 712 3591 Ambr.
774 3542 803 3591 ll
823 3543 997 3608 μακραίωνας
1015 3539 1086 3592 εἶναι
1104 3557 1189 3592 omncs
1207 3550 1310 3608 practer
1321 3541 1348 3591 E.

284 3609 360 3659 Potes
378 3608 426 3658 hoc
445 3605 514 3660 εἶναι
532 3616 641 3672 retento,
660 3610 770 3660 altorum
783 3611 852 3676 (post
870 3606 994 3674 δυνατὸν)
1012 3626 1067 3660 cum
1080 3611 1236 3661 Bernardaki
1255 3611 1349 3674 doloro,

283 3679 328 3729 scd
347 3691 403 3726 cum
422 3678 521 3727 omnino
541 3695 589 3728 non
609 3680 713 3728 intersit
730 3685 813 3729 utrum
831 3679 909 3740 absit,
927 3679 1004 3728 malui
1019 3695 1073 3729 cum
1086 3678 1173 3728 codice
1185 3679 1349 3730 commilitari

284 3745 296 3814 ΙΙ
328 3743 378 3810 τὴν
404 3745 500 3796 inserui
532 3745 540 3814 li
570 3744 713 3815 τυφλόιηιι
735 3747 821 3797 Ambr.
845 3742 921 3807 (ἀλλά
951 3744 1098 3815 τυφλότητι
1124 3764 1170 3814 pro
1197 3745 1303 3812 πολλὴν
1327 3765 1347 3797 r.

284 3816 348 3865 Coll.
362 3815 441 3878 Nor.)
505 3815 534 3867 12
553 3812 582 3866 τὸ
602 3833 649 3865 om.
663 3817 748 3867 Ambr.
767 3818 777 3876 ΙΙ
798 3816 939 3886 αἱρετικοῖς
957 3815 979 3865 V
994 3816 1065 3866 Barb.
1081 3816 1167 3866 Ambr.
1233 3818 1263 3870 13
1282 3813 1349 3869 οὕτω

283 3881 346 3952 γὰρ]
360 3871 438 3938 οὗτος
449 3879 502 3952 γὰρ
516 3884 558 3934 Vl.
586 3879 671 3940 οὕτως
688 3880 741 3953 γὰρ
755 3883 908 3936 Μωδαῒ.
935 3880 1018 3941 οὕτως
1031 3886 1057 3934 Β.
1084 3880 1347 3937 orierAVat.Pct.

287 3954 315 4002 15
338 3953 388 4003 rori
408 3957 501 4018 Μηιρ.
526 3969 611 4004 omncs
635 3961 736 4019 praetor
755 3953 861 4003 VBarb.
880 3953 964 4004 Ambr.
999 3954 1047 4003 τοῦ
1068 3953 1180 4005 libontor
1203 3955 1243 4004 hic
1266 3970 1348 4015 carco,

283 4029 341 4070 anto
357 4018 446 4074 Ἐπικ.
465 4037 550 4085 aegre,
569 4023 652 4086 ibiquo
670 4023 766 4072 inserui
848 4023 878 4072 1‘1
897 4017 1009 4080 ἀσθενὲς
1025 4022 1150 4091 λέγομεν,
1167 4016 1210 4085 οὐ]
1227 4024 1266 4074 ita
1286 4021 1348 4073 V²F

284 4091 359 4150 (toste
379 4091 516 4152 ternarii.
553 4087 690 4148 ἀσθενοῦς
707 4090 851 4162 λεγομένου
868 4090 903 4145 V¹
915 4091 988 4144 Bari).
1002 4089 1087 4144 Ambr.
1124 4088 1195 4146 cirac
1212 4085 1349 4148 ἀσθενοῦς

282 4157 430 4228 λεγομένου
448 4161 465 4208 B
478 4158 497 4208 a
512 4159 601 4212 Avat.
615 4159 669 4213 Pet.
